3284 4792
1399 365 1842 430 -35-

507 549 712 634 repeti
743 549 918 616 nulla
947 555 1051 616 est
1084 570 1314 634 causa,
1361 549 1705 635 posthac
1749 549 2277 617 molestissimum
2322 553 2440 633 est,
2486 546 2737 613 multa

507 662 756 746 uirga
798 664 1194 748 perobscura
1241 671 1408 730 sunt.
1492 664 1825 748 Quidquid
1868 665 2278 730 Hermannus
2326 660 2735 746 contradixit,

507 773 866 840 Heinrichii
915 777 1236 842 sententia
1281 775 1563 843 maxime
1610 782 1711 843 est
1755 775 2165 860 uerisimilis,
2224 796 2304 842 ex
2359 772 2735 840 famosos

507 907 568 952 u.
618 890 677 953 8.
724 895 1014 954 nostrum
1061 908 1320 957 uersum
1355 888 1671 972 originem
1710 888 1997 954 duxisse.
2066 889 2471 953 Fumosos
2518 890 2736 952 autem

507 1000 704 1065 etiam
752 1021 815 1066 ιι.
863 1003 923 1066 7.
973 999 1182 1066 deleto
1230 1001 1440 1066 locum
1487 1007 1705 1066 tenere
1750 1006 1984 1085 potest.
2075 1001 2243 1066 Nam
2289 998 2534 1084 cogita,
2595 1004 2734 1064 tan-

506 1119 711 1178 torum
761 1113 1044 1179 uirorum
1101 1113 1346 1198 prolem
1405 1119 1556 1178 ante
1603 1133 1825 1178 eorum
1876 1118 2126 1178 statuas
2172 1111 2242 1175 in
2289 1110 2453 1176 atrio
2498 1109 2734 1176 consti-

507 1230 683 1290 tutas
732 1227 942 1308 obque
989 1226 1057 1290 id
1102 1225 1390 1290 fumosas
1437 1232 1644 1310 stare,
1711 1205 1967 1307 generis
2025 1223 2314 1289 tabulam
2370 1229 2483 1292 aut
2539 1241 2737 1286 manu

507 1344 831 1404 tenentem
864 1346 976 1404 aut
1021 1338 1112 1403 ibi
1161 1339 1541 1404 collocatam
1589 1338 2042 1422 inspicientem
2090 1344 2155 1403 et
2200 1357 2281 1402 ex
2328 1357 2408 1402 ea
2450 1335 2736 1419 nomina,

508 1457 788 1516 aetatem
844 1459 964 1516 etc.
1023 1450 1409 1517 dictatorum
1465 1450 1877 1533 equitumque
1938 1449 2395 1532 magistrorum
2456 1453 2607 1524 ante
2666 1467 2737 1512 se

509 1563 816 1628 stantium
873 1565 1328 1649 pronuntiare,
1391 1571 1456 1630 et
1513 1564 1771 1630 uidebis
1825 1571 2089 1650 propter
2145 1562 2523 1630 fumosos
2581 1562 2737 1627 Her-

508 1696 814 1740 mannum
861 1697 921 1742 u.
973 1678 1032 1742 7.
1080 1678 1358 1743 retinere
1403 1698 1532 1742 non
1582 1684 1897 1762 oportere.
1968 1715 2054 1723 —-
2125 1678 2269 1743 Non
2329 1676 2739 1768 grauioribus

510 1788 753 1874 causis,
817 1809 1006 1872 quam
1068 1788 1176 1854 hic
1230 1789 1440 1874 locus,
1503 1791 1634 1874 IX,
1692 1789 2043 1884 lle—124
2088 1795 2151 1854 et
2211 1789 2338 1873 XI,
2390 1774 2740 1853 165—17'0

511 1899 919 1966 damnantur.
1011 1903 1264 1968 Paruae
1311 1908 1461 1966 sunt
1518 1901 1992 1986 digressiones,
2052 1921 2219 1984 quae
2275 1922 2391 1986 per
2438 1921 2509 1968 se
2552 1903 2737 1968 que-

511 2012 644 2077 nali
691 2034 821 2078 non
869 2020 1020 2080 sunt
1068 2013 1532 2098 abrogandae3
1602 2034 1663 2079 u.
1724 2015 1850 2099 XI,
1918 2013 2269 2078 165--170
2327 2013 2739 2079 difficultates

512 2124 837 2210 tolluntur,
887 2124 942 2192 si
989 2146 1050 2190 u.
1104 2126 1249 2211 165,
1298 2127 1338 2191 6
1387 2146 1528 2190 cum
1574 2126 1805 2191 Iahnio
1856 2125 2099 2192 eiiciaS.
2177 2125 2348 2202 Quid
2393 2132 2610 2193 autem
2657 2127 2739 2193 de

508 2241 726 2320 priore
787 2238 928 2303 loco
990 2239 1390 2304 conclamato
1454 2238 1867 2304 statuendum
1926 2238 2043 2323 sit,
2112 2238 2273 2303 mihi
2331 2259 2460 2304 non
2515 2239 2738 2322 liquet.

510 2351 868 2431 Quominus
916 2349 1089 2415 enim
1133 2349 1362 2416 Iahnio
1413 2350 1691 2435 credam,
1744 2370 1806 2415 ιι.
1858 2350 2005 2434 120,
2057 2350 2090 2413 1
2142 2350 2399 2435 spurios
2444 2371 2611 2438 esse,
2658 2374 2739 2420 ea

509 2488 612 2533 me
657 2463 1033 2551 prohibent,
1091 2463 1265 2546 quod
1319 2468 1384 2528 et
1445 2462 1827 2528 deterior
1872 2481 1934 2528 ιι.
1987 2462 2113 2527 122
2162 2467 2413 2547 spectat
2455 2463 2543 2529 ad
2586 2486 2737 2534 nec

504 2579 781 2662 lingua
823 2577 1011 2643 mali
1056 2596 1245 2662 pars
1291 2575 1634 2660 pessima
1682 2575 1930 2661 serui,
1979 2581 2043 2642 et
2088 2595 2149 2641 u.
2202 2576 2329 2640 119
2374 2597 2419 2642 a
2461 2575 2737 2644 deterio-

505 2711 644 2756 rum
695 2689 882 2756 codd.
930 2708 1166 2772 genere
1212 2687 1673 2772 transponitur.

503 2874 656 2943 VIII,
678 2872 959 2926 111-126
999 2872 1048 2927 si
1085 2871 1213 2942 quis
1248 2871 1304 2925 in
1343 2872 1598 2927 aedicula
1637 2872 1781 2928 deus
1818 2872 2037 2929 unicus.
2073 2873 2217 2929 haec
2254 2873 2463 2929 etenim
2500 2879 2632 2929 sunt

999 2982 1102 3035 pro
1143 2966 1390 3034 summis,
1428 2983 1556 3020 nam
1593 2970 1729 3022 sunt
1762 2965 1906 3023 haec
1943 2967 2201 3022 maxima.
2241 2967 2523 3037 despicias
2562 2974 2627 3023 tu

963 3055 966 3058 ’
1002 3058 1241 3115 forsitan
1278 3059 1518 3115 imbellis
1553 3060 1808 3116 Rhodios
1849 3065 2187 3132 unctamque
2227 3060 2535 3117 Corinthon

1000 3156 1280 3224 despicias
1318 3155 1545 3226 merit03
1587 3155 1725 3225 quid
1761 3155 2010 3211 resinata
2045 3157 2313 3212 iuuentus

1001 3267 1279 3321 cruraque
1317 3251 1495 3307 totius
1535 3250 1748 3307 facient
1784 3250 1887 3307 tibi
1921 3251 2072 3306 leuia
2108 3251 2334 3320 gentis?

1000 3346 1227 3401 horrida
1264 3345 1498 3400 uitanda
1535 3349 1628 3400 est
1662 3344 1953 3414 Hispania,
1993 3345 2237 3400 Gallicus
2278 3347 2401 3400 axis

997 3440 1394 3512 Illyricumque
1433 3440 1609 3510 latus3
1649 3455 1818 3509 parce
1858 3443 1917 3494 et
1953 3439 2300 3495 messoribus
2340 3439 2449 3495 illis

1000 3537 1097 3606 qui
1135 3540 1392 3592 saturant
1429 3535 1624 3591 urbem
1665 3536 1811 3590 circo
1853 3549 2171 3605 scenaeque
2209 3539 2523 3590 uacantem.

999 3637 1211 3703 quanta
1248 3635 1435 3687 autem
1473 3631 1604 3687 inde
1642 3630 1797 3686 feres
1836 3635 1951 3684 tam
1990 3630 2144 3685 dirae
2181 3629 2433 3700 praemia
2470 3630 2687 3698 culpae,

999 3746 1124 3784 cum
1161 3733 1364 3784 tenues
1401 3744 1580 3798 nuper
1614 3727 1826 3783 Marius
1865 3725 2187 3786 distinxerit
2222 3724 2439 3781 Afros?

998 3825 1305 3878 curandum
1339 3823 1612 3892 imprimis
1649 3839 1721 3878 ne
1760 3838 1965 3892 magna
1998 3820 2201 3875 iniuria
2234 3819 2336 3874 fiat

997 3916 1242 3972 fortibus
1276 3921 1336 3971 et
1362 3917 1602 3972 miseris.
1631 3917 1799 3971 tollas
1831 3915 1965 3971 licet
1996 3931 2158 3970 omne
2190 3914 2343 3984 quod
2373 3930 2615 3984 usquam
2646 3919 2738 3970 est

999 4013 1120 4067 auri
1155 4016 1326 4081 atque
1364 4013 1604 4082 argenti,
1643 4016 1865 4068 scutum
1904 4011 2267 4082 gladiumque
2304 4010 2593 4080 relinques

999 4111 1058 4161 et
1093 4106 1334 4161 iaculum
1373 4108 1433 4161 et
1468 4107 1706 4176 galeam,
1746 4106 2004 4176 spoliatis
2042 4120 2197 4160 arma
2234 4107 2558 4175 supersunt.

999 4200 1154 4270 quod
1188 4200 1356 4255 modo
1394 4201 1687 4270 proposui,
1724 4217 1837 4255 non
1876 4205 1967 4256 est
2005 4201 2305 4270 sententia,
2342 4216 2541 4256 uerum
2582 4204 2701 4270 est3

995 4295 1208 4351 credite
1247 4310 1336 4351 me
1373 4293 1539 4352 uobis
1576 4293 1773 4350 folium
1809 4295 2049 4351 recitare
2090 4293 2359 4365 Sibyllae,

2232 4383 2301 4438 3*
