<?xml version="1.0" encoding="UTF-8"?>
<!DOCTYPE html PUBLIC "-//W3C//DTD XHTML 1.0 Transitional//EN"
    "http://www.w3.org/TR/xhtml1/DTD/xhtml1-transitional.dtd">
<html xmlns="http://www.w3.org/1999/xhtml" xml:lang="en" lang="en">
 <head>
  <title>
</title>
<meta http-equiv="Content-Type" content="text/html;charset=utf-8" />
  <meta name='ocr-system' content='tesseract 3.04.00' />
  <meta name='ocr-capabilities' content='ocr_page ocr_carea ocr_par ocr_line ocrx_word'/>
</head>
<body>
  <div class='ocr_page' id='page_1' title='image "./vindiciaeivvena00unkngoog_0038.png"; bbox 0 0 3284 4792; ppageno 0'>
   <div class='ocr_carea' id='block_1_1' title="bbox 1444 348 1889 412">
    <p class='ocr_par' dir='ltr' id='par_1_1' title="bbox 1444 348 1889 412">
     <span class='ocr_line' id='line_1_1' title="bbox 1444 348 1889 412; baseline -0.004 -16"><span class='ocrx_word' id='word_1_1' title='bbox 1444 348 1889 412; x_wconf 67' lang='lat'><strong>-28-</strong></span> 
     </span>
    </p>
   </div>
   <div class='ocr_carea' id='block_1_2' title="bbox 549 529 2786 1170">
    <p class='ocr_par' dir='ltr' id='par_1_2' title="bbox 549 529 2786 1170">
     <span class='ocr_line' id='line_1_2' title="bbox 603 529 2523 602; baseline 0.002 -18"><span class='ocrx_word' id='word_1_2' title='bbox 603 531 676 600; x_wconf 88' lang='grc' dir='ltr'><strong>Π,</strong></span> <span class='ocrx_word' id='word_1_3' title='bbox 716 530 902 601; x_wconf 83' lang='lat'><strong>108,9:</strong></span> <span class='ocrx_word' id='word_1_4' title='bbox 941 531 1094 602; x_wconf 86' lang='lat' dir='ltr'><strong>quod</strong></span> <span class='ocrx_word' id='word_1_5' title='bbox 1130 547 1236 587; x_wconf 86' lang='lat' dir='ltr'><strong>nec</strong></span> <span class='ocrx_word' id='word_1_6' title='bbox 1269 530 1325 584; x_wconf 91' lang='lat' dir='ltr'><strong>in</strong></span> <span class='ocrx_word' id='word_1_7' title='bbox 1363 529 1602 600; x_wconf 82' lang='lat' dir='ltr'><strong>Assyrio</strong></span> <span class='ocrx_word' id='word_1_8' title='bbox 1639 530 1971 599; x_wconf 84' lang='lat' dir='ltr'><strong>pharetrata</strong></span> <span class='ocrx_word' id='word_1_9' title='bbox 2008 531 2329 588; x_wconf 82' lang='lat' dir='ltr'><strong>Semiramis</strong></span> <span class='ocrx_word' id='word_1_10' title='bbox 2369 531 2523 602; x_wconf 86' lang='lat' dir='ltr'><strong>orbe,</strong></span> 
     </span>
     <span class='ocr_line' id='line_1_3' title="bbox 944 626 2321 701; baseline 0.002 -20"><span class='ocrx_word' id='word_1_11' title='bbox 944 633 1161 684; x_wconf 83' lang='lat' dir='ltr'><strong>maesta</strong></span> <span class='ocrx_word' id='word_1_12' title='bbox 1197 643 1302 683; x_wconf 89' lang='lat' dir='ltr'><strong>nec</strong></span> <span class='ocrx_word' id='word_1_13' title='bbox 1337 627 1571 682; x_wconf 82' lang='lat' dir='ltr'><strong>Actiaca</strong></span> <span class='ocrx_word' id='word_1_14' title='bbox 1606 626 1746 683; x_wconf 88' lang='lat' dir='ltr'><strong>fecit</strong></span> <span class='ocrx_word' id='word_1_15' title='bbox 1782 627 2084 701; x_wconf 82' lang='lat' dir='ltr'>Cleopatra</span> <span class='ocrx_word' id='word_1_16' title='bbox 2120 629 2321 684; x_wconf 86' lang='lat' dir='ltr'><strong>carina.</strong></span> 
     </span>
     <span class='ocr_line' id='line_1_4' title="bbox 549 747 2785 830; baseline 0.001 -20"><span class='ocrx_word' id='word_1_17' title='bbox 549 751 798 830; x_wconf 90' lang='lat' dir='ltr'><strong>poetae·</strong></span> <span class='ocrx_word' id='word_1_18' title='bbox 846 747 1105 812; x_wconf 87' lang='lat' dir='ltr'><strong>satirico</strong></span> <span class='ocrx_word' id='word_1_19' title='bbox 1163 747 1426 814; x_wconf 89' lang='lat' dir='ltr'><strong>minime</strong></span> <span class='ocrx_word' id='word_1_20' title='bbox 1484 754 1633 812; x_wconf 90' lang='lat' dir='ltr'><strong>sunt</strong></span> <span class='ocrx_word' id='word_1_21' title='bbox 1680 747 2063 830; x_wconf 85' lang='lat' dir='ltr'><strong>abrogandi.</strong></span> <span class='ocrx_word' id='word_1_22' title='bbox 2158 748 2433 814; x_wconf 88' lang='lat' dir='ltr'><strong>Othonis</strong></span> <span class='ocrx_word' id='word_1_23' title='bbox 2480 749 2785 814; x_wconf 88' lang='lat' dir='ltr'><strong>mollities</strong></span> 
     </span>
     <span class='ocr_line' id='line_1_5' title="bbox 550 858 2785 945; baseline 0 -22"><span class='ocrx_word' id='word_1_24' title='bbox 550 858 921 924; x_wconf 86' lang='lat' dir='ltr'><strong>effeminata</strong></span> <span class='ocrx_word' id='word_1_25' title='bbox 981 858 1075 923; x_wconf 86' lang='lat' dir='ltr'><strong>in·</strong></span> <span class='ocrx_word' id='word_1_26' title='bbox 1111 859 1310 923; x_wconf 93' lang='lat' dir='ltr'><strong>multo</strong></span> <span class='ocrx_word' id='word_1_27' title='bbox 1357 859 1667 925; x_wconf 89' lang='lat' dir='ltr'><strong>maiorem</strong></span> <span class='ocrx_word' id='word_1_28' title='bbox 1712 860 2251 945; x_wconf 86' lang='lat' dir='ltr'><strong>uituperationem</strong></span> <span class='ocrx_word' id='word_1_29' title='bbox 2299 861 2543 943; x_wconf 83' lang='lat' dir='ltr'>incidit,</span> <span class='ocrx_word' id='word_1_30' title='bbox 2602 860 2658 925; x_wconf 92' lang='lat' dir='ltr'><strong>si</strong></span> <span class='ocrx_word' id='word_1_31' title='bbox 2704 881 2785 925; x_wconf 91' lang='lat' dir='ltr'><strong>ne</strong></span> 
     </span>
     <span class='ocr_line' id='line_1_6' title="bbox 549 969 2785 1057; baseline 0.002 -24"><span class='ocrx_word' id='word_1_32' title='bbox 549 969 850 1035; x_wconf 88' lang='lat' dir='ltr'><strong>mulieres</strong></span> <span class='ocrx_word' id='word_1_33' title='bbox 896 970 1153 1052; x_wconf 89' lang='lat' dir='ltr'><strong>quidem</strong></span> <span class='ocrx_word' id='word_1_34' title='bbox 1200 970 1568 1036; x_wconf 84' lang='lat' dir='ltr'><strong>luxuriosas</strong></span> <span class='ocrx_word' id='word_1_35' title='bbox 1613 992 1759 1037; x_wconf 88' lang='lat' dir='ltr'><strong>eum</strong></span> <span class='ocrx_word' id='word_1_36' title='bbox 1810 993 2128 1054; x_wconf 81' lang='lat' dir='ltr'><strong>aequasse</strong></span> <span class='ocrx_word' id='word_1_37' title='bbox 2168 978 2518 1057; x_wconf 78' lang='lat' dir='ltr'><strong>computes,</strong></span> <span class='ocrx_word' id='word_1_38' title='bbox 2592 973 2785 1039; x_wconf 88' lang='lat' dir='ltr'><strong>Tales</strong></span> 
     </span>
     <span class='ocr_line' id='line_1_7' title="bbox 549 1084 2786 1170; baseline 0.002 -23"><span class='ocrx_word' id='word_1_39' title='bbox 549 1084 905 1148; x_wconf 87' lang='lat' dir='ltr'><strong>sententias</strong></span> <span class='ocrx_word' id='word_1_40' title='bbox 962 1085 1400 1170; x_wconf 73' lang='lat' dir='ltr'><strong>secundariae,</strong></span> <span class='ocrx_word' id='word_1_41' title='bbox 1449 1105 1616 1167; x_wconf 90' lang='lat' dir='ltr'><strong>quae</strong></span> <span class='ocrx_word' id='word_1_42' title='bbox 1668 1085 1790 1151; x_wconf 89' lang='lat' dir='ltr'><strong>etsi</strong></span> <span class='ocrx_word' id='word_1_43' title='bbox 1838 1092 1986 1150; x_wconf 86' lang='lat' dir='ltr'><strong>sunt</strong></span> <span class='ocrx_word' id='word_1_44' title='bbox 2033 1106 2576 1170; x_wconf 87' lang='lat' dir='ltr'><strong>superuacaneae,</strong></span> <span class='ocrx_word' id='word_1_45' title='bbox 2622 1088 2786 1152; x_wconf 90' lang='lat' dir='ltr'><strong>nihi-</strong></span> 
     </span>
    </p>
   </div>
   <div class='ocr_carea' id='block_1_3' title="bbox 548 1197 2784 1396">
    <p class='ocr_par' dir='ltr' id='par_1_3' title="bbox 548 1197 2784 1396">
     <span class='ocr_line' id='line_1_8' title="bbox 548 1197 2784 1287; baseline 0.003 -26"><span class='ocrx_word' id='word_1_46' title='bbox 548 1197 826 1262; x_wconf 87' lang='lat' dir='ltr'>lominus</span> <span class='ocrx_word' id='word_1_47' title='bbox 873 1218 1114 1280; x_wconf 89' lang='lat' dir='ltr'><strong>magna</strong></span> <span class='ocrx_word' id='word_1_48' title='bbox 1161 1198 1256 1264; x_wconf 89' lang='lat' dir='ltr'><strong>eis</strong></span> <span class='ocrx_word' id='word_1_49' title='bbox 1303 1199 1474 1264; x_wconf 90' lang='lat' dir='ltr'><strong>inest</strong></span> <span class='ocrx_word' id='word_1_50' title='bbox 1519 1199 1620 1264; x_wconf 91' lang='lat' dir='ltr'><strong>uis</strong></span> <span class='ocrx_word' id='word_1_51' title='bbox 1669 1199 1951 1284; x_wconf 88' lang='lat' dir='ltr'><strong>satirica,</strong></span> <span class='ocrx_word' id='word_1_52' title='bbox 2012 1199 2259 1266; x_wconf 88' lang='lat' dir='ltr'><strong>habeas</strong></span> <span class='ocrx_word' id='word_1_53' title='bbox 2304 1202 2355 1285; x_wconf 88' lang='grc' dir='ltr'><strong>Ι,</strong></span> <span class='ocrx_word' id='word_1_54' title='bbox 2398 1201 2523 1266; x_wconf 84' lang='grc'><strong>129</strong></span> <span class='ocrx_word' id='word_1_55' title='bbox 2572 1221 2659 1267; x_wconf 89' lang='lat' dir='ltr'><strong>ss.</strong></span> <span class='ocrx_word' id='word_1_56' title='bbox 2707 1204 2784 1287; x_wconf 90' lang='lat' dir='ltr'><strong>V,</strong></span> 
     </span>
     <span class='ocr_line' id='line_1_9' title="bbox 548 1311 2009 1396; baseline 0.001 -21"><span class='ocrx_word' id='word_1_57' title='bbox 548 1311 654 1395; x_wconf 84' lang='lat'><strong>36,</strong></span> <span class='ocrx_word' id='word_1_58' title='bbox 683 1312 742 1375; x_wconf 80' lang='lat'><strong>7.</strong></span> <span class='ocrx_word' id='word_1_59' title='bbox 793 1312 874 1395; x_wconf 90' lang='lat' dir='ltr'><strong>X,</strong></span> <span class='ocrx_word' id='word_1_60' title='bbox 902 1311 1034 1376; x_wconf 81' lang='lat'><strong>250</strong></span> <span class='ocrx_word' id='word_1_61' title='bbox 1081 1318 1199 1376; x_wconf 90' lang='lat' dir='ltr'><strong>etc.</strong></span> <span class='ocrx_word' id='word_1_62' title='bbox 1295 1311 1544 1388; x_wconf 83' lang='lat' dir='ltr'><strong>Quibus</strong></span> <span class='ocrx_word' id='word_1_63' title='bbox 1591 1311 1748 1376; x_wconf 90' lang='lat' dir='ltr'><strong>addi</strong></span> <span class='ocrx_word' id='word_1_64' title='bbox 1798 1318 2009 1396; x_wconf 87' lang='lat' dir='ltr'><strong>potest</strong></span> 
     </span>
    </p>
   </div>
   <div class='ocr_carea' id='block_1_4' title="bbox 617 1448 2355 1518">
    <p class='ocr_par' dir='ltr' id='par_1_4' title="bbox 617 1448 2355 1518">
     <span class='ocr_line' id='line_1_10' title="bbox 617 1448 2355 1518; baseline -0.001 -12"><span class='ocrx_word' id='word_1_65' title='bbox 617 1451 715 1518; x_wconf 94' lang='lat' dir='ltr'><strong>VI,</strong></span> <span class='ocrx_word' id='word_1_66' title='bbox 756 1452 884 1506; x_wconf 88' lang='lat'>188:</span> <span class='ocrx_word' id='word_1_67' title='bbox 941 1466 1064 1504; x_wconf 92' lang='lat' dir='ltr'><strong>cum</strong></span> <span class='ocrx_word' id='word_1_68' title='bbox 1103 1450 1178 1504; x_wconf 88' lang='lat' dir='ltr'><strong>sit</strong></span> <span class='ocrx_word' id='word_1_69' title='bbox 1212 1453 1379 1517; x_wconf 84' lang='lat' dir='ltr'><strong>turpe</strong></span> <span class='ocrx_word' id='word_1_70' title='bbox 1417 1448 1597 1517; x_wconf 86' lang='lat' dir='ltr'><strong>magis</strong></span> <span class='ocrx_word' id='word_1_71' title='bbox 1636 1448 1846 1504; x_wconf 86' lang='lat' dir='ltr'><strong>nostris</strong></span> <span class='ocrx_word' id='word_1_72' title='bbox 1884 1449 2102 1504; x_wconf 87' lang='lat' dir='ltr'><strong>nescire</strong></span> <span class='ocrx_word' id='word_1_73' title='bbox 2140 1449 2355 1504; x_wconf 83' lang='lat' dir='ltr'><strong>Latine.</strong></span> 
     </span>
    </p>
   </div>
   <div class='ocr_carea' id='block_1_5' title="bbox 547 1571 2787 2560">
    <p class='ocr_par' dir='ltr' id='par_1_5' title="bbox 547 1571 2787 2560">
     <span class='ocr_line' id='line_1_11' title="bbox 551 1571 2783 1658; baseline -0.002 -20"><span class='ocrx_word' id='word_1_74' title='bbox 551 1594 739 1656; x_wconf 92' lang='lat' dir='ltr'><strong>quem</strong></span> <span class='ocrx_word' id='word_1_75' title='bbox 808 1591 1065 1637; x_wconf 89' lang='lat' dir='ltr'><strong>uersum</strong></span> <span class='ocrx_word' id='word_1_76' title='bbox 1121 1579 1383 1636; x_wconf 89' lang='lat' dir='ltr'><strong>auctore</strong></span> <span class='ocrx_word' id='word_1_77' title='bbox 1445 1571 1711 1636; x_wconf 90' lang='lat' dir='ltr'><strong>Barthio</strong></span> <span class='ocrx_word' id='word_1_78' title='bbox 1762 1571 2092 1657; x_wconf 81' lang='lat' dir='ltr'><strong>(AduersS.</strong></span> <span class='ocrx_word' id='word_1_79' title='bbox 2141 1572 2382 1656; x_wconf 87' lang='lat' dir='ltr'>XXIV,</span> <span class='ocrx_word' id='word_1_80' title='bbox 2425 1571 2494 1658; x_wconf 80' lang='lat'><strong>5)</strong></span> <span class='ocrx_word' id='word_1_81' title='bbox 2543 1573 2783 1656; x_wconf 89' lang='lat' dir='ltr'><strong>Ruper-</strong></span> 
     </span>
     <span class='ocr_line' id='line_1_12' title="bbox 548 1683 2782 1770; baseline 0 -20"><span class='ocrx_word' id='word_1_82' title='bbox 548 1687 699 1770; x_wconf 90' lang='lat' dir='ltr'><strong>tius,</strong></span> <span class='ocrx_word' id='word_1_83' title='bbox 769 1684 1075 1769; x_wconf 82' lang='lat' dir='ltr'><strong>Pinzger,</strong></span> <span class='ocrx_word' id='word_1_84' title='bbox 1150 1683 1425 1766; x_wconf 90' lang='lat' dir='ltr'><strong>denique</strong></span> <span class='ocrx_word' id='word_1_85' title='bbox 1496 1684 1894 1750; x_wconf 88' lang='lat' dir='ltr'><strong>Ribbeckius</strong></span> <span class='ocrx_word' id='word_1_86' title='bbox 1968 1685 2255 1770; x_wconf 86' lang='lat' dir='ltr'><strong>spurium</strong></span> <span class='ocrx_word' id='word_1_87' title='bbox 2327 1706 2472 1752; x_wconf 87' lang='lat' dir='ltr'><strong>esse</strong></span> <span class='ocrx_word' id='word_1_88' title='bbox 2533 1692 2782 1770; x_wconf 86' lang='lat' dir='ltr'><strong>putant.</strong></span> 
     </span>
     <span class='ocr_line' id='line_1_13' title="bbox 550 1799 2787 1885; baseline -0 -22"><span class='ocrx_word' id='word_1_89' title='bbox 550 1799 738 1876; x_wconf 84' lang='lat' dir='ltr'><strong>Quod</strong></span> <span class='ocrx_word' id='word_1_90' title='bbox 770 1799 1084 1881; x_wconf 87' lang='lat' dir='ltr'><strong>Pinzgero</strong></span> <span class='ocrx_word' id='word_1_91' title='bbox 1134 1820 1212 1864; x_wconf 84' lang='lat' dir='ltr'><strong>ex</strong></span> <span class='ocrx_word' id='word_1_92' title='bbox 1258 1799 1398 1863; x_wconf 91' lang='lat' dir='ltr'><strong>loco</strong></span> <span class='ocrx_word' id='word_1_93' title='bbox 1440 1799 1770 1865; x_wconf 79' lang='lat' dir='ltr'><strong>Ciceronis</strong></span> <span class='ocrx_word' id='word_1_94' title='bbox 1820 1799 2021 1885; x_wconf 87' lang='lat' dir='ltr'><strong>(Brut.</strong></span> <span class='ocrx_word' id='word_1_95' title='bbox 2051 1820 2103 1864; x_wconf 97' lang='lat' dir='ltr'><strong>c.</strong></span> <span class='ocrx_word' id='word_1_96' title='bbox 2131 1799 2243 1885; x_wconf 83' lang='lat'><strong>37)</strong></span> <span class='ocrx_word' id='word_1_97' title='bbox 2291 1799 2414 1864; x_wconf 94' lang='lat' dir='ltr'><strong>hoc</strong></span> <span class='ocrx_word' id='word_1_98' title='bbox 2462 1799 2787 1882; x_wconf 84' lang='lat' dir='ltr'><strong>glossema</strong></span> 
     </span>
     <span class='ocr_line' id='line_1_14' title="bbox 549 1911 2785 1998; baseline -0.001 -20"><span class='ocrx_word' id='word_1_99' title='bbox 549 1912 864 1995; x_wconf 88' lang='lat' dir='ltr'><strong>originem</strong></span> <span class='ocrx_word' id='word_1_100' title='bbox 912 1913 1176 1978; x_wconf 84' lang='lat' dir='ltr'><strong>duxisse</strong></span> <span class='ocrx_word' id='word_1_101' title='bbox 1212 1913 1486 1997; x_wconf 90' lang='lat' dir='ltr'><strong>uidetur,</strong></span> <span class='ocrx_word' id='word_1_102' title='bbox 1533 1913 1601 1977; x_wconf 92' lang='lat' dir='ltr'><strong>id</strong></span> <span class='ocrx_word' id='word_1_103' title='bbox 1638 1913 1850 1998; x_wconf 92' lang='lat' dir='ltr'><strong>ipsum</strong></span> <span class='ocrx_word' id='word_1_104' title='bbox 1889 1920 2112 1978; x_wconf 88' lang='lat' dir='ltr'><strong>contra</strong></span> <span class='ocrx_word' id='word_1_105' title='bbox 2160 1933 2303 1979; x_wconf 89' lang='lat' dir='ltr'><strong>eum</strong></span> <span class='ocrx_word' id='word_1_106' title='bbox 2350 1911 2527 1977; x_wconf 88' lang='lat' dir='ltr'><strong>facit.</strong></span> <span class='ocrx_word' id='word_1_107' title='bbox 2619 1913 2785 1978; x_wconf 88' lang='lat' dir='ltr'><strong>Nam</strong></span> 
     </span>
     <span class='ocr_line' id='line_1_15' title="bbox 550 2024 2785 2110; baseline -0 -20"><span class='ocrx_word' id='word_1_108' title='bbox 550 2031 819 2110; x_wconf 87' lang='lat' dir='ltr'><strong>constat,</strong></span> <span class='ocrx_word' id='word_1_109' title='bbox 902 2025 1274 2090; x_wconf 88' lang='lat' dir='ltr'><strong>quenalem</strong></span> <span class='ocrx_word' id='word_1_110' title='bbox 1344 2025 1606 2109; x_wconf 90' lang='lat' dir='ltr'><strong>saepius</strong></span> <span class='ocrx_word' id='word_1_111' title='bbox 1665 2025 1749 2090; x_wconf 90' lang='lat' dir='ltr'><strong>ad</strong></span> <span class='ocrx_word' id='word_1_112' title='bbox 1816 2025 2101 2110; x_wconf 87' lang='lat' dir='ltr'><strong>priorum</strong></span> <span class='ocrx_word' id='word_1_113' title='bbox 2164 2025 2550 2109; x_wconf 85' lang='lat' dir='ltr'><strong>scriptorum</strong></span> <span class='ocrx_word' id='word_1_114' title='bbox 2606 2024 2785 2089; x_wconf 91' lang='lat' dir='ltr'><strong>locos</strong></span> 
     </span>
     <span class='ocr_line' id='line_1_16' title="bbox 547 2137 2786 2226; baseline -0.001 -24"><span class='ocrx_word' id='word_1_115' title='bbox 547 2137 887 2223; x_wconf 83' lang='lat' dir='ltr'><strong>respicere.</strong></span> <span class='ocrx_word' id='word_1_116' title='bbox 937 2147 1025 2226; x_wconf 72' lang='lat' dir='ltr'><strong>(u.</strong></span> <span class='ocrx_word' id='word_1_117' title='bbox 1061 2137 1605 2224; x_wconf 86' lang='lat' dir='ltr'><strong>commentarios).</strong></span> <span class='ocrx_word' id='word_1_118' title='bbox 1655 2138 2087 2224; x_wconf 76' lang='lat' dir='ltr'><strong>HeinrichiuS,</strong></span> <span class='ocrx_word' id='word_1_119' title='bbox 2116 2159 2301 2220; x_wconf 90' lang='lat' dir='ltr'><strong>quem</strong></span> <span class='ocrx_word' id='word_1_120' title='bbox 2329 2138 2498 2202; x_wconf 90' lang='lat' dir='ltr'><strong>hunc</strong></span> <span class='ocrx_word' id='word_1_121' title='bbox 2527 2156 2786 2202; x_wconf 87' lang='lat' dir='ltr'><strong>uersum</strong></span> 
     </span>
     <span class='ocr_line' id='line_1_17' title="bbox 547 2251 2781 2338; baseline -0.002 -21"><span class='ocrx_word' id='word_1_122' title='bbox 547 2251 694 2317; x_wconf 86' lang='lat' dir='ltr'><strong>aliis</strong></span> <span class='ocrx_word' id='word_1_123' title='bbox 758 2258 1128 2336; x_wconf 86' lang='lat' dir='ltr'><strong>suspectum</strong></span> <span class='ocrx_word' id='word_1_124' title='bbox 1176 2251 1545 2316; x_wconf 87' lang='lat' dir='ltr'><strong>defendisse</strong></span> <span class='ocrx_word' id='word_1_125' title='bbox 1592 2252 1809 2336; x_wconf 86' lang='lat' dir='ltr'><strong>miror,</strong></span> <span class='ocrx_word' id='word_1_126' title='bbox 1874 2251 2188 2338; x_wconf 81' lang='lat' dir='ltr'><strong>„magis“,</strong></span> <span class='ocrx_word' id='word_1_127' title='bbox 2252 2251 2319 2315; x_wconf 91' lang='lat' dir='ltr'><strong>in</strong></span> <span class='ocrx_word' id='word_1_128' title='bbox 2367 2255 2493 2332; x_wconf 89' lang='lat' dir='ltr'><strong>quo</strong></span> <span class='ocrx_word' id='word_1_129' title='bbox 2540 2252 2781 2333; x_wconf 86' lang='lat' dir='ltr'><strong>Ruper-</strong></span> 
     </span>
     <span class='ocr_line' id='line_1_18' title="bbox 547 2362 2783 2451; baseline -0.001 -23"><span class='ocrx_word' id='word_1_130' title='bbox 547 2363 676 2429; x_wconf 90' lang='lat' dir='ltr'><strong>tius</strong></span> <span class='ocrx_word' id='word_1_131' title='bbox 740 2364 1023 2449; x_wconf 87' lang='lat' dir='ltr'><strong>offendit,</strong></span> <span class='ocrx_word' id='word_1_132' title='bbox 1086 2363 1444 2430; x_wconf 87' lang='lat' dir='ltr'><strong>rectissime</strong></span> <span class='ocrx_word' id='word_1_133' title='bbox 1502 2364 1930 2449; x_wconf 86' lang='lat' dir='ltr'><strong>comparatiui</strong></span> <span class='ocrx_word' id='word_1_134' title='bbox 1994 2362 2292 2451; x_wconf 81' lang='lat' dir='ltr'><strong>„potius“</strong></span> <span class='ocrx_word' id='word_1_135' title='bbox 2343 2362 2475 2426; x_wconf 92' lang='lat' dir='ltr'><strong>uim</strong></span> <span class='ocrx_word' id='word_1_136' title='bbox 2523 2362 2628 2427; x_wconf 92' lang='lat' dir='ltr'><strong>hic</strong></span> <span class='ocrx_word' id='word_1_137' title='bbox 2672 2362 2783 2426; x_wconf 89' lang='lat' dir='ltr'><strong>ha-</strong></span> 
     </span>
     <span class='ocr_line' id='line_1_19' title="bbox 547 2476 1081 2560; baseline 0 -18"><span class='ocrx_word' id='word_1_138' title='bbox 547 2477 700 2542; x_wconf 90' lang='lat' dir='ltr'><strong>bere</strong></span> <span class='ocrx_word' id='word_1_139' title='bbox 745 2476 1081 2560; x_wconf 88' lang='lat' dir='ltr'><strong>intellegit.</strong></span> 
     </span>
    </p>
   </div>
   <div class='ocr_carea' id='block_1_6' title="bbox 583 2611 2642 3158">
    <p class='ocr_par' dir='ltr' id='par_1_6' title="bbox 583 2611 2642 3158">
     <span class='ocr_line' id='line_1_20' title="bbox 583 2611 2592 2686; baseline -0.003 -17"><span class='ocrx_word' id='word_1_140' title='bbox 583 2616 655 2683; x_wconf 92' lang='lat'><strong>11,</strong></span> <span class='ocrx_word' id='word_1_141' title='bbox 694 2613 1005 2668; x_wconf 84' lang='lat'>143—148:</span> <span class='ocrx_word' id='word_1_142' title='bbox 1046 2613 1182 2667; x_wconf 90' lang='lat' dir='ltr'><strong>uicit</strong></span> <span class='ocrx_word' id='word_1_143' title='bbox 1219 2618 1277 2668; x_wconf 90' lang='lat' dir='ltr'><strong>et</strong></span> <span class='ocrx_word' id='word_1_144' title='bbox 1312 2614 1420 2668; x_wconf 86' lang='lat' dir='ltr'><strong>hoc</strong></span> <span class='ocrx_word' id='word_1_145' title='bbox 1456 2617 1767 2668; x_wconf 87' lang='lat' dir='ltr'><strong>monstrum</strong></span> <span class='ocrx_word' id='word_1_146' title='bbox 1806 2613 2038 2667; x_wconf 84' lang='lat' dir='ltr'><strong>tunicati</strong></span> <span class='ocrx_word' id='word_1_147' title='bbox 2075 2611 2299 2666; x_wconf 86' lang='lat' dir='ltr'><strong>fuscina</strong></span> <span class='ocrx_word' id='word_1_148' title='bbox 2334 2611 2592 2686; x_wconf 82' lang='lat' dir='ltr'><strong>Gracchi,</strong></span> 
     </span>
     <span class='ocr_line' id='line_1_21' title="bbox 1045 2707 2525 2778; baseline 0.001 -16"><span class='ocrx_word' id='word_1_149' title='bbox 1045 2708 1424 2778; x_wconf 88' lang='lat' dir='ltr'><strong>lustrauitque</strong></span> <span class='ocrx_word' id='word_1_150' title='bbox 1460 2707 1603 2778; x_wconf 87' lang='lat' dir='ltr'><strong>fuga</strong></span> <span class='ocrx_word' id='word_1_151' title='bbox 1639 2709 1878 2763; x_wconf 87' lang='lat' dir='ltr'><strong>mediam</strong></span> <span class='ocrx_word' id='word_1_152' title='bbox 1916 2708 2195 2778; x_wconf 83' lang='lat' dir='ltr'><strong>gladiator</strong></span> <span class='ocrx_word' id='word_1_153' title='bbox 2231 2708 2525 2763; x_wconf 85' lang='lat' dir='ltr'><strong>harenam:</strong></span> 
     </span>
     <span class='ocr_line' id='line_1_22' title="bbox 1048 2803 2255 2873; baseline 0.001 -15"><span class='ocrx_word' id='word_1_154' title='bbox 1048 2810 1107 2858; x_wconf 89' lang='lat' dir='ltr'><strong>et</strong></span> <span class='ocrx_word' id='word_1_155' title='bbox 1144 2803 1476 2872; x_wconf 84' lang='lat' dir='ltr'><strong>Capitolinis</strong></span> <span class='ocrx_word' id='word_1_156' title='bbox 1513 2805 1847 2873; x_wconf 86' lang='lat' dir='ltr'><strong>generosior</strong></span> <span class='ocrx_word' id='word_1_157' title='bbox 1886 2808 1944 2859; x_wconf 90' lang='lat' dir='ltr'><strong>ct</strong></span> <span class='ocrx_word' id='word_1_158' title='bbox 1979 2804 2255 2859; x_wconf 85' lang='lat' dir='ltr'><strong>Marcellis</strong></span> 
     </span>
     <span class='ocr_line' id='line_1_23' title="bbox 1047 2899 2407 2968; baseline -0.001 -14"><span class='ocrx_word' id='word_1_159' title='bbox 1047 2905 1108 2955; x_wconf 89' lang='lat' dir='ltr'><strong>et</strong></span> <span class='ocrx_word' id='word_1_160' title='bbox 1145 2899 1329 2954; x_wconf 85' lang='lat' dir='ltr'><strong>Catuli</strong></span> <span class='ocrx_word' id='word_1_161' title='bbox 1366 2899 1638 2968; x_wconf 86' lang='lat' dir='ltr'><strong>Paulique</strong></span> <span class='ocrx_word' id='word_1_162' title='bbox 1679 2899 1984 2954; x_wconf 86' lang='lat' dir='ltr'><strong>minoribus</strong></span> <span class='ocrx_word' id='word_1_163' title='bbox 2024 2904 2084 2953; x_wconf 88' lang='lat' dir='ltr'><strong>et</strong></span> <span class='ocrx_word' id='word_1_164' title='bbox 2117 2899 2309 2955; x_wconf 89' lang='lat' dir='ltr'><strong>Fabiis</strong></span> <span class='ocrx_word' id='word_1_165' title='bbox 2347 2905 2407 2955; x_wconf 91' lang='lat' dir='ltr'><strong>et</strong></span> 
     </span>
     <span class='ocr_line' id='line_1_24' title="bbox 1046 2994 2642 3063; baseline 0 -15"><span class='ocrx_word' id='word_1_166' title='bbox 1046 2994 1303 3049; x_wconf 85' lang='lat' dir='ltr'><strong>omnibus</strong></span> <span class='ocrx_word' id='word_1_167' title='bbox 1343 2995 1414 3048; x_wconf 90' lang='lat' dir='ltr'><strong>ad</strong></span> <span class='ocrx_word' id='word_1_168' title='bbox 1450 2995 1681 3062; x_wconf 89' lang='lat' dir='ltr'><strong>podium</strong></span> <span class='ocrx_word' id='word_1_169' title='bbox 1720 2994 2128 3062; x_wconf 87' lang='lat' dir='ltr'><strong>spectantibus,</strong></span> <span class='ocrx_word' id='word_1_170' title='bbox 2169 2994 2256 3049; x_wconf 89' lang='lat' dir='ltr'><strong>his</strong></span> <span class='ocrx_word' id='word_1_171' title='bbox 2292 2995 2425 3049; x_wconf 89' lang='lat' dir='ltr'><strong>licet</strong></span> <span class='ocrx_word' id='word_1_172' title='bbox 2459 2995 2642 3063; x_wconf 88' lang='lat' dir='ltr'><strong>ipsum</strong></span> 
     </span>
     <span class='ocr_line' id='line_1_25' title="bbox 1045 3089 2389 3158; baseline 0 -15"><span class='ocrx_word' id='word_1_173' title='bbox 1045 3089 1369 3158; x_wconf 72' lang='lat' dir='ltr'><strong>admoueaS,</strong></span> <span class='ocrx_word' id='word_1_174' title='bbox 1407 3089 1566 3144; x_wconf 91' lang='lat' dir='ltr'><strong>cuius</strong></span> <span class='ocrx_word' id='word_1_175' title='bbox 1605 3094 1739 3144; x_wconf 90' lang='lat' dir='ltr'><strong>tunc</strong></span> <span class='ocrx_word' id='word_1_176' title='bbox 1773 3105 2003 3144; x_wconf 89' lang='lat' dir='ltr'><strong>munere</strong></span> <span class='ocrx_word' id='word_1_177' title='bbox 2041 3090 2185 3144; x_wconf 87' lang='lat' dir='ltr'><strong>retia</strong></span> <span class='ocrx_word' id='word_1_178' title='bbox 2221 3090 2389 3144; x_wconf 85' lang='lat' dir='ltr'><strong>misit.</strong></span> 
     </span>
    </p>
   </div>
   <div class='ocr_carea' id='block_1_7' title="bbox 543 3231 2787 4338">
    <p class='ocr_par' dir='ltr' id='par_1_7' title="bbox 543 3231 2787 4338">
     <span class='ocr_line' id='line_1_26' title="bbox 547 3231 2787 3317; baseline -0 -20"><span class='ocrx_word' id='word_1_179' title='bbox 547 3253 590 3297; x_wconf 87' lang='lat' dir='ltr'><strong>a</strong></span> <span class='ocrx_word' id='word_1_180' title='bbox 649 3232 845 3297; x_wconf 88' lang='lat' dir='ltr'><strong>totius</strong></span> <span class='ocrx_word' id='word_1_181' title='bbox 909 3232 1148 3298; x_wconf 89' lang='lat' dir='ltr'><strong>satirae</strong></span> <span class='ocrx_word' id='word_1_182' title='bbox 1210 3233 1275 3297; x_wconf 94' lang='grc' dir='ltr'>Π</span> <span class='ocrx_word' id='word_1_183' title='bbox 1331 3240 1712 3315; x_wconf 89' lang='lat' dir='ltr'><strong>argumento</strong></span> <span class='ocrx_word' id='word_1_184' title='bbox 1784 3233 1976 3317; x_wconf 89' lang='lat' dir='ltr'><strong>plane</strong></span> <span class='ocrx_word' id='word_1_185' title='bbox 2038 3253 2182 3298; x_wconf 88' lang='lat' dir='ltr'><strong>esse</strong></span> <span class='ocrx_word' id='word_1_186' title='bbox 2244 3233 2494 3297; x_wconf 88' lang='lat' dir='ltr'><strong>alienos</strong></span> <span class='ocrx_word' id='word_1_187' title='bbox 2558 3231 2787 3314; x_wconf 90' lang='lat' dir='ltr'><strong>negari</strong></span> 
     </span>
     <span class='ocr_line' id='line_1_27' title="bbox 547 3345 2787 3428; baseline 0 -19"><span class='ocrx_word' id='word_1_188' title='bbox 547 3345 769 3426; x_wconf 89' lang='lat' dir='ltr'><strong>nequit</strong></span> <span class='ocrx_word' id='word_1_189' title='bbox 815 3345 1202 3428; x_wconf 88' lang='lat' dir='ltr'><strong>minimeque</strong></span> <span class='ocrx_word' id='word_1_190' title='bbox 1241 3346 1600 3411; x_wconf 86' lang='lat' dir='ltr'><strong>dubitarem</strong></span> <span class='ocrx_word' id='word_1_191' title='bbox 1638 3347 1768 3412; x_wconf 89' lang='lat' dir='ltr'><strong>tale</strong></span> <span class='ocrx_word' id='word_1_192' title='bbox 1808 3345 2314 3411; x_wconf 89' lang='lat' dir='ltr'><strong>additamentum</strong></span> <span class='ocrx_word' id='word_1_193' title='bbox 2365 3346 2628 3411; x_wconf 88' lang='lat' dir='ltr'><strong>cuilibet</strong></span> <span class='ocrx_word' id='word_1_194' title='bbox 2674 3346 2787 3410; x_wconf 89' lang='lat' dir='ltr'><strong>alii</strong></span> 
     </span>
     <span class='ocr_line' id='line_1_28' title="bbox 547 3458 2786 3543; baseline -0 -20"><span class='ocrx_word' id='word_1_195' title='bbox 547 3458 843 3542; x_wconf 89' lang='lat' dir='ltr'><strong>scriptori</strong></span> <span class='ocrx_word' id='word_1_196' title='bbox 905 3459 1299 3525; x_wconf 89' lang='lat' dir='ltr'><strong>abiudicare.</strong></span> <span class='ocrx_word' id='word_1_197' title='bbox 1394 3460 1524 3526; x_wconf 86' lang='lat' dir='ltr'><strong>Sed</strong></span> <span class='ocrx_word' id='word_1_198' title='bbox 1571 3459 2045 3526; x_wconf 89' lang='lat' dir='ltr'><strong>aestimationis</strong></span> <span class='ocrx_word' id='word_1_199' title='bbox 2107 3480 2417 3543; x_wconf 91' lang='lat' dir='ltr'><strong>normam,</strong></span> <span class='ocrx_word' id='word_1_200' title='bbox 2491 3479 2619 3540; x_wconf 90' lang='lat' dir='ltr'><strong>qua</strong></span> <span class='ocrx_word' id='word_1_201' title='bbox 2664 3459 2786 3523; x_wconf 90' lang='lat' dir='ltr'><strong>hos</strong></span> 
     </span>
     <span class='ocr_line' id='line_1_29' title="bbox 547 3571 2780 3657; baseline 0.001 -24"><span class='ocrx_word' id='word_1_202' title='bbox 547 3590 772 3635; x_wconf 88' lang='lat' dir='ltr'><strong>uersus</strong></span> <span class='ocrx_word' id='word_1_203' title='bbox 839 3571 1195 3657; x_wconf 87' lang='lat' dir='ltr'><strong>metiamur,</strong></span> <span class='ocrx_word' id='word_1_204' title='bbox 1279 3572 1347 3636; x_wconf 90' lang='lat' dir='ltr'><strong>in</strong></span> <span class='ocrx_word' id='word_1_205' title='bbox 1403 3573 1731 3638; x_wconf 86' lang='lat' dir='ltr'><strong>quenalis</strong></span> <span class='ocrx_word' id='word_1_206' title='bbox 1780 3572 1997 3637; x_wconf 90' lang='lat' dir='ltr'><strong>satiris</strong></span> <span class='ocrx_word' id='word_1_207' title='bbox 2043 3572 2236 3656; x_wconf 90' lang='lat' dir='ltr'><strong>plane</strong></span> <span class='ocrx_word' id='word_1_208' title='bbox 2298 3571 2487 3637; x_wconf 87' lang='lat' dir='ltr'><strong>nobis</strong></span> <span class='ocrx_word' id='word_1_209' title='bbox 2551 3571 2780 3636; x_wconf 88' lang='lat' dir='ltr'><strong>deesse</strong></span> 
     </span>
     <span class='ocr_line' id='line_1_30' title="bbox 543 3685 2778 3768; baseline -0.001 -18"><span class='ocrx_word' id='word_1_210' title='bbox 543 3705 798 3751; x_wconf 77' lang='lat' dir='ltr'><strong>censeo,</strong></span> <span class='ocrx_word' id='word_1_211' title='bbox 891 3687 1104 3750; x_wconf 90' lang='lat' dir='ltr'><strong>Tanta</strong></span> <span class='ocrx_word' id='word_1_212' title='bbox 1159 3685 1327 3750; x_wconf 90' lang='lat' dir='ltr'><strong>enim</strong></span> <span class='ocrx_word' id='word_1_213' title='bbox 1386 3685 1794 3750; x_wconf 89' lang='lat' dir='ltr'><strong>multitudine</strong></span> <span class='ocrx_word' id='word_1_214' title='bbox 1842 3685 2316 3767; x_wconf 88' lang='lat' dir='ltr'><strong>digressionum</strong></span> <span class='ocrx_word' id='word_1_215' title='bbox 2364 3690 2428 3748; x_wconf 88' lang='lat' dir='ltr'><strong>et</strong></span> <span class='ocrx_word' id='word_1_216' title='bbox 2474 3703 2778 3768; x_wconf 89' lang='lat' dir='ltr'><strong>superua-</strong></span> 
     </span>
     <span class='ocr_line' id='line_1_31' title="bbox 547 3797 2783 3884; baseline -0.001 -22"><span class='ocrx_word' id='word_1_217' title='bbox 547 3818 888 3863; x_wconf 89' lang='lat' dir='ltr'><strong>caneorum</strong></span> <span class='ocrx_word' id='word_1_218' title='bbox 937 3799 1540 3882; x_wconf 88' lang='lat' dir='ltr'><strong>additamentorum,</strong></span> <span class='ocrx_word' id='word_1_219' title='bbox 1588 3819 1755 3881; x_wconf 91' lang='lat' dir='ltr'><strong>quae</strong></span> <span class='ocrx_word' id='word_1_220' title='bbox 1800 3799 1945 3884; x_wconf 90' lang='lat' dir='ltr'><strong>plus</strong></span> <span class='ocrx_word' id='word_1_221' title='bbox 2003 3799 2216 3863; x_wconf 89' lang='lat' dir='ltr'><strong>minus</strong></span> <span class='ocrx_word' id='word_1_222' title='bbox 2264 3818 2406 3863; x_wconf 92' lang='lat' dir='ltr'><strong>cum</strong></span> <span class='ocrx_word' id='word_1_223' title='bbox 2454 3797 2569 3880; x_wconf 89' lang='lat' dir='ltr'><strong>eis,</strong></span> <span class='ocrx_word' id='word_1_224' title='bbox 2616 3816 2783 3878; x_wconf 90' lang='lat' dir='ltr'><strong>quae</strong></span> 
     </span>
     <span class='ocr_line' id='line_1_32' title="bbox 545 3911 2785 3998; baseline -0 -22"><span class='ocrx_word' id='word_1_225' title='bbox 545 3913 953 3996; x_wconf 90' lang='lat' dir='ltr'><strong>antecedunt,</strong></span> <span class='ocrx_word' id='word_1_226' title='bbox 1023 3913 1430 3997; x_wconf 88' lang='lat' dir='ltr'><strong>cohaereant,</strong></span> <span class='ocrx_word' id='word_1_227' title='bbox 1506 3914 1618 3978; x_wconf 81' lang='lat' dir='ltr'><strong>uix</strong></span> <span class='ocrx_word' id='word_1_228' title='bbox 1680 3913 1811 3979; x_wconf 90' lang='lat' dir='ltr'><strong>dici</strong></span> <span class='ocrx_word' id='word_1_229' title='bbox 1867 3919 2098 3998; x_wconf 87' lang='lat' dir='ltr'><strong>potest,</strong></span> <span class='ocrx_word' id='word_1_230' title='bbox 2177 3931 2373 3976; x_wconf 91' lang='lat' dir='ltr'><strong>unum</strong></span> <span class='ocrx_word' id='word_1_231' title='bbox 2430 3911 2785 3976; x_wconf 87' lang='lat' dir='ltr'><strong>alterumue</strong></span> 
     </span>
     <span class='ocr_line' id='line_1_33' title="bbox 545 4024 2781 4110; baseline -0 -23"><span class='ocrx_word' id='word_1_232' title='bbox 545 4030 882 4109; x_wconf 90' lang='lat' dir='ltr'><strong>tantopere</strong></span> <span class='ocrx_word' id='word_1_233' title='bbox 928 4027 1272 4092; x_wconf 84' lang='lat' dir='ltr'><strong>abhorrere</strong></span> <span class='ocrx_word' id='word_1_234' title='bbox 1319 4026 1402 4091; x_wconf 90' lang='lat' dir='ltr'><strong>ab</strong></span> <span class='ocrx_word' id='word_1_235' title='bbox 1451 4025 1564 4108; x_wconf 89' lang='lat' dir='ltr'><strong>eis,</strong></span> <span class='ocrx_word' id='word_1_236' title='bbox 1613 4025 1847 4107; x_wconf 91' lang='lat' dir='ltr'><strong>quibus</strong></span> <span class='ocrx_word' id='word_1_237' title='bbox 1894 4034 1993 4091; x_wconf 90' lang='lat' dir='ltr'><strong>est</strong></span> <span class='ocrx_word' id='word_1_238' title='bbox 2031 4024 2499 4110; x_wconf 85' lang='lat' dir='ltr'><strong>interpositum,</strong></span> <span class='ocrx_word' id='word_1_239' title='bbox 2548 4030 2619 4088; x_wconf 91' lang='lat' dir='ltr'><strong>ut</strong></span> <span class='ocrx_word' id='word_1_240' title='bbox 2665 4043 2781 4107; x_wconf 91' lang='lat' dir='ltr'><strong>pro</strong></span> 
     </span>
     <span class='ocr_line' id='line_1_34' title="bbox 547 4137 2782 4222; baseline 0 -22"><span class='ocrx_word' id='word_1_241' title='bbox 547 4137 941 4218; x_wconf 86' lang='lat' dir='ltr'><strong>glossemate</strong></span> <span class='ocrx_word' id='word_1_242' title='bbox 993 4140 1077 4204; x_wconf 91' lang='lat' dir='ltr'><strong>sit</strong></span> <span class='ocrx_word' id='word_1_243' title='bbox 1138 4139 1528 4205; x_wconf 87' lang='lat' dir='ltr'><strong>habendum.</strong></span> <span class='ocrx_word' id='word_1_244' title='bbox 1629 4141 1866 4205; x_wconf 88' lang='lat' dir='ltr'><strong>Nostro</strong></span> <span class='ocrx_word' id='word_1_245' title='bbox 1935 4139 2194 4222; x_wconf 89' lang='lat' dir='ltr'><strong>quidem</strong></span> <span class='ocrx_word' id='word_1_246' title='bbox 2260 4139 2402 4202; x_wconf 95' lang='lat' dir='ltr'><strong>loco</strong></span> <span class='ocrx_word' id='word_1_247' title='bbox 2466 4137 2782 4222; x_wconf 91' lang='lat' dir='ltr'><strong>quenali,</strong></span> 
     </span>
     <span class='ocr_line' id='line_1_35' title="bbox 547 4250 2782 4338; baseline 0.001 -24"><span class='ocrx_word' id='word_1_248' title='bbox 547 4269 690 4314; x_wconf 90' lang='lat' dir='ltr'><strong>cum</strong></span> <span class='ocrx_word' id='word_1_249' title='bbox 736 4257 984 4316; x_wconf 88' lang='lat' dir='ltr'><strong>tantam</strong></span> <span class='ocrx_word' id='word_1_250' title='bbox 1043 4251 1420 4318; x_wconf 86' lang='lat' dir='ltr'><strong>foeditatem</strong></span> <span class='ocrx_word' id='word_1_251' title='bbox 1469 4260 1782 4338; x_wconf 88' lang='lat' dir='ltr'><strong>carperet,</strong></span> <span class='ocrx_word' id='word_1_252' title='bbox 1851 4250 2045 4318; x_wconf 88' lang='lat' dir='ltr'><strong>facile</strong></span> <span class='ocrx_word' id='word_1_253' title='bbox 2091 4253 2160 4316; x_wconf 93' lang='lat' dir='ltr'><strong>in</strong></span> <span class='ocrx_word' id='word_1_254' title='bbox 2220 4256 2498 4317; x_wconf 89' lang='lat' dir='ltr'><strong>mentem</strong></span> <span class='ocrx_word' id='word_1_255' title='bbox 2562 4251 2782 4316; x_wconf 91' lang='lat' dir='ltr'><strong>uenire</strong></span> 
     </span>
    </p>
   </div>
  </div>
 </body>
</html>
