3284 4792
1493 343 1934 407 -42-

590 527 674 594 ad
699 547 894 610 quam
921 526 1310 593 sententiam
1338 527 1720 593 firmandam
1758 533 1975 593 notam
2012 527 2191 594 illam
2234 528 2314 595 de
2356 528 2601 595 Glauco
2640 530 2831 615 Spar-

585 648 739 707 tano
802 639 1092 706 fabulam
1151 639 1418 726 (Herod.
1466 641 1575 724 VI,
1613 639 1727 726 86)
1790 647 2031 706 narrat.
2138 641 2387 719 Quodsi
2448 642 2832 727 saepissime

586 755 850 820 deorum
886 773 1164 839 poenam
1201 751 1486 818 externis
1524 752 1732 835 'signis
1768 773 2159 836 cognoscere
2207 754 2567 840 nequimus,
2615 762 2830 820 tamen

585 887 665 933 ex
713 887 790 932 eo
835 887 964 932 non
1010 866 1164 932 licet
1209 865 1612 949 concludere,
1664 864 1822 930 deos
1871 867 2133 933 omnino
2178 887 2308 932 non
2357 887 2582 933 curare
2627 865 2835 931 homi-

587 980 766 1045 num'
798 979 992 1046 facta.
1099 978 1182 1043 Hi
1258 979 1427 1044 enim
1499 977 1982 1044 seuerissimum
2054 980 2333 1047 iudicem
2394 988 2705 1067 perpetuo
2760 981 2828 1046 in

585 1099 846 1178 pectore
907 1099 1201 1178 portant:
1287 1093 1752 1159 conscientiam
1770 1145 1787 1178 ‚
1866 1114 1997 1176 qua
2054 1094 2192 1180 dei,
2264 1094 2375 1177 qui
2436 1094 2829 1160 animalibus

589 1211 878 1293 „tantum
939 1205 1214 1290 animas,
1279 1206 1466 1271 nobis
1525 1205 1811 1271 animum
1868 1205 2161 1289 quoque“
2224 1206 2393 1294 (XV,
2435 1208 2588 1294 149)
2638 1207 2829 1274 dede—

583 1325 761 1404 runt,
823 1318 1118 1384 homines
1178 1320 1510 1404 praeditos
1579 1339 1726 1386 esse
1783 1321 2143 1386 uoluerunt.
2205 1322 2389 1408 XIII,
2430 1323 2490 1387 2.
2554 1322 2681 1388 193
2740 1342 2826 1388 ss.

587 1431 865 1497 Omnino
914 1431 1022 1498 dei
1079 1432 1296 1497 omnia
1342 1432 1434 1497 ita
1495 1432 1927 1517 instituerunt,
1989 1440 2060 1498 ut
2121 1433 2417 1501 homines
2479 1435 2632 1500 boni
2678 1435 2827 1501 bea-

585 1545 761 1627 tique
807 1563 954 1610 esse
999 1543 1288 1629 possint3
1335 1543 1562 1608 horum
1609 1544 1809 1628 igitur
1853 1545 2139 1631 ipsorum
2190 1546 2379 1631 culpa
2421 1545 2660 1612 factum
2709 1553 2825 1631 est,

585 1664 658 1724 ut
702 1657 832 1724 iam
879 1657 1040 1722 nihil
1085 1657 1219 1723 fere
1265 1658 1420 1724 boni
1467 1665 1532 1724 et
1575 1657 1933 1744 incorrupti
1978 1658 2147 1725 inter
2194 1679 2308 1726 eos
2354 1666 2587 1726 exstet.
2682 1661 2829 1739 Qua

585 1771 666 1836 de
715 1791 916 1835 causa
961 1771 1070 1858 (X,
1097 1770 1222 1834 347
1273 1771 1388 1857 ss.)

873 1898 1170 1968 permittes
1208 1898 1348 1968 ipsis
1389 1895 1711 1967 expendere
1749 1899 2089 1968 numinibus,
2127 1901 2264 1969 quid

871 1995 1172 2049 conueniat
1206 1993 1371 2049 nobis
1407 1993 1697 2063 rebusque
1737 1995 1813 2049 sit
1850 1995 1987 2048 utile
2024 1995 2252 2052 nostris.

869 2105 996 2144 nam
1032 2105 1136 2158 pro
1174 2088 1434 2144 iucundis
1475 2089 1770 2158 aptissima
1807 2105 2071 2158 quaeque
2110 2089 2327 2146 dabunt
2362 2093 2436 2146 di.

873 2184 1054 2239 carior
1091 2188 1184 2238 est
1219 2183 1328 2238 illis
1366 2183 1532 2238 homo
1574 2200 1741 2253 quam
1780 2165 1888 2238 sibi
1927 2189 2035 2238 etc.

588 2303 839 2381 Quibus
884 2323 1147 2389 prorsus
1195 2310 1574 2389 congruunt,
1623 2323 1791 2386 quae
1837 2305 1979 2389 XV,
2011 2303 2356 2372 143-148
2405 2306 2593 2372 dicit:

1818 2417 2141 2472 uenerabile
2180 2419 2285 2474 soli

1019 2511 1207 2566 sortiti
1243 2511 1526 2581 ingenium
1567 2512 1997 2581 diuinorumque
2037 2529 2279 2581 capaces

1014 2612 1186 2677 atque
1227 2608 1556 2663 exercendis
1596 2608 2000 2677 capiendisque
2040 2608 2256 2663 artibus
2296 2608 2414 2677 apti

1014 2721 1243 2761 sensum
1282 2722 1316 2760 a
1352 2703 1587 2760 caelesti
1624 2705 1931 2760 demissum
1971 2705 2247 2759 traximus
2286 2721 2432 2774 arce,

1017 2802 1177 2856 cuius
1216 2805 1391 2871 egent
1425 2817 1604 2870 prona
1642 2805 1702 2855 et
1738 2806 1943 2855 terram
1982 2801 2315 2869 spectantia.
2355 2799 2544 2854 mundi

1017 2897 1291 2966 principio
1331 2897 1565 2951 indulsit
1602 2896 1909 2950 communis
1948 2895 2206 2950 conditor
2240 2895 2351 2950 illis

1014 2995 1231 3045 tantum
1270 2991 1499 3060 animas,
1535 2990 1700 3046 nobis
1740 2992 1980 3045 animum
2019 3006 2247 3060 quoque
2287 2994 2394 3045 etc.

588 3111 803 3177 Etiam
859 3111 927 3175 in
987 3111 1314 3196 prioribus
1371 3110 1596 3176 satiris
1654 3110 1818 3176 duos
1875 3109 2094 3176 inueni
2148 3110 2346 3196 locos,
2394 3111 2504 3193 qui
2560 3110 2825 3179 minime

588 3222 938 3289 abhorrent
984 3224 1067 3289 ab
1116 3223 1231 3308 eis,
1291 3242 1454 3307 quos
1515 3223 1709 3288 modo
1755 3223 2041 3288 laudaui.
2134 3222 2321 3300 Quod
2372 3223 2545 3288 enim
2593 3224 2827 3292 attinet

589 3336 672 3402 ad
733 3336 1218 3422 conscientiam,
1281 3337 1390 3421 IV,
1439 3336 1508 3401 8:
1576 3356 1837 3420 nemo,
1899 3335 2128 3419 inquit,
2192 3335 2454 3401 malus
2509 3335 2715 3402 felix
2760 3342 2826 3402 et

587 3450 698 3534 VI,
745 3448 871 3515 531
943 3455 1186 3531 quanto
1244 3448 1311 3514 in
1373 3448 1522 3514 odio
1577 3447 1875 3514 homines
1938 3448 2198 3514 scelesti
2255 3448 2384 3514 sint
2443 3447 2619 3533 apud
2665 3448 2824 3515 deos

589 3561 872 3628 ostendit
917 3581 1168 3628 summa
1213 3581 1358 3627 cum
1404 3560 1853 3644 indignatione
1900 3563 2304 3628 exclamans:

841 3714 912 3753 en
950 3696 1186 3751 animam
1226 3700 1285 3751 et
1321 3701 1582 3768 mentem,
1619 3713 1744 3751 cum
1783 3714 1896 3767 qua
1933 3697 1988 3752 di
2024 3701 2190 3752 nocte
2227 3697 2556 3767 loquantur!

587 3820 785 3887 Hisce
829 3821 992 3886 locis
1040 3819 1322 3885 addendi
1371 3825 1521 3884 sunt
1567 3818 1648 3903 ei,
1695 3819 1930 3901 quibus
1978 3819 2060 3886 de
2105 3825 2377 3886 naturae
2421 3817 2826 3905 praestantia

586 3934 886 4018 loquitur,
935 3953 1077 3998 cum
1127 3932 1211 3997 sit
1257 3939 1508 4014 natura,
1556 3950 1671 4015 per
1704 3950 1897 4012 quam
1937 3931 2043 3997 dei
2079 3952 2415 4017 corporum
2448 3937 2643 4015 atque
2689 3930 2824 3997 ani-

587 4065 834 4111 morum
879 4045 1304 4109 humanorum
1360 4043 1542 4125 leges
1589 4049 1961 4108 sanxerunt.
2054 4046 2214 4109 Eam
2264 4044 2505 4129 optime
2550 4043 2823 4109 homini-

587 4158 710 4224 bus
756 4156 1176 4240 consuluisse,
1232 4161 1297 4220 et
1341 4156 1428 4240 11,
1469 4155 1594 4220 139
1641 4161 1705 4220 et
1750 4156 1833 4240 X,
1875 4157 2022 4221 300.
2071 4156 2245 4242 XIV,
2287 4157 2438 4223 321.
2484 4159 2627 4244 XV,
2673 4159 2822 4226 131.

587 4268 763 4335 dicit.
1789 4303 1795 4310 ·
