3284 4792
1467 344 1911 408 ...26-

561 529 672 612 VI,
696 529 826 592 308
872 549 1082 612 paene
1129 547 1290 614 opus
1338 535 1436 593 est
1471 527 1552 592 ob
1601 533 1946 610 sequentes
1981 526 2268 611 plurales
2312 531 2633 610 ponunt
2680 531 2801 590 etc.

562 643 671 723 VI,
725 641 874 724 632,
936 641 977 705 3
1035 646 1100 707 et
1156 642 1233 725 V,
1294 641 1373 705 91
1453 640 1922 724 superuacanei
1984 638 2243 722 quidem
2304 645 2453 705 sunt
2508 646 2572 705 et
2627 639 2807 723 prior

562 752 742 816 locus
781 752 862 816 ob
898 773 1057 837 pap
1077 751 1226 838 as¹)
1275 751 1552 817 fortasse
1593 759 1658 817 et
1691 772 1902 834 quae
1947 753 2340 838 peperit2)
2378 738 2804 839 suspitionem

560 866 770 950 possit
811 885 1089 950 mouere,
1137 865 1254 930 sed
1299 866 1374 949 V,
1409 867 1488 929 91
1543 865 1716 930 omni
1762 866 2119 950 suspitione
2158 873 2353 951 caret,
2401 887 2543 932 cum
2582 886 2801 951 super-

564 997 922 1043 uacaneum
957 998 1102 1043 eum
1139 999 1283 1044 esse
1316 977 1489 1062 apud
1525 978 1899 1043 quenalem
1939 979 2280 1044 offensioni
2322 999 2467 1045 esse
2506 986 2802 1062 nequeat,

565 1097 746 1156 ater
791 1097 1027 1175 autem,
1075 1090 1247 1172 quod
1292 1089 1582 1174 plerique
1630 1090 1817 1154 codd.
1866 1092 2199 1176 praebent,
2248 1111 2583 1156 commune
2630 1091 2805 1175 apud

563 1211 793 1289 poetas
839 1210 1208 1288 serpentum
1255 1202 1616 1284 uenenique
1664 1202 1995 1288 epitheton
2045 1202 2149 1268 sit.
2200 1202 2279 1268 cs.
2327 1206 2481 1269 Hor.
2510 1203 2630 1269 Od.
2681 1205 2800 1288 III,

563 1318 626 1401 4,
679 1319 779 1382 17.
871 1318 1064 1398 Verg.
1114 1315 1332 1398 Georg
1374 1317 1602 1400 I,129.
1649 1317 1733 1399 Π,
1762 1315 1909 1381 130.
2004 1315 2124 1381 Ou.
2174 1316 2324 1380 Met.
2372 1318 2423 1400 Ι,
2451 1317 2556 1381 63.
2643 1316 2801 1380 Cum

564 1429 763 1512 igitur
809 1429 877 1493 in
923 1429 1046 1493 VII
1091 1428 1220 1492 illis
1269 1433 1416 1492 satt.
1465 1428 1522 1492 V
1569 1433 1632 1493 et
1677 1429 1768 1491 VI
1825 1427 2121 1493 uersibus
2182 1427 2360 1513 (nam
2408 1428 2489 1492 de
2534 1428 2712 1511 VIII,
2762 1429 2797 1492 7

565 1541 736 1609 infra
795 1541 1187 1628 uidebimus)
1248 1541 1584 1622 grauiores
1660 1559 1893 1605 causas
1965 1539 2181 1604 inesse
2240 1560 2370 1605 non
2429 1540 2801 1624 uiderimus,

567 1676 678 1721 cur
723 1653 1052 1720 quenalis
1101 1673 1212 1720 eos
1251 1673 1396 1718 esse
1435 1672 1839 1737 negaremus,
1888 1652 2049 1716 nihil
2091 1671 2209 1716 nos
2237 1651 2580 1737 prohibere
2626 1652 2802 1717 uide-

565 1776 687 1853 tur,
750 1768 1090 1851 quominus
1153 1767 1452 1831 librarios
1511 1787 1590 1832 ex
1652 1765 1817 1850 ipsis
1877 1766 2095 1831 satiris
2151 1785 2265 1831 eos
2320 1765 2388 1829 in
2443 1765 2803 1847 marginem

567 1881 1048 1966 transposuisse
1096 1887 1473 1964 statuamuS,
1537 1888 1601 1945 et
1647 1881 1723 1964 V,
1765 1881 1869 1944 91.
1919 1881 2027 1965 VI,
2071 1881 2219 1944 308.
2270 1879 2420 1964 558,
2462 1881 2523 1944 9.
2574 1880 2723 1964 632,
2761 1880 2802 1944 3

567 1994 827 2076 quidem
873 2000 944 2058 ut
970 2012 1508 2078 superuacaneoS,
1555 1993 1666 2076 VI,
1698 1993 1825 2057 126
1861 1999 2075 2058 autem
2108 1998 2369 2077 propter
2410 1992 2801 2057 obscoenam

569 2108 955 2173 sententiam
1001 2108 1376 2172 remouisse.

747 2220 907 2285 Cum
965 2220 1058 2285 ita
1126 2219 1494 2304 uiderimus,
1567 2218 1823 2284 codices
1882 2240 2001 2284 nos
2062 2240 2191 2284 non
2253 2219 2503 2303 docere,
2574 2237 2804 2283 uersus

568 2332 882 2416 quosdam
932 2352 1078 2398 esse
1115 2332 1389 2417 spuriOS,
1445 2332 1605 2397 nihil
1660 2339 1879 2417 restat,
1932 2332 2059 2397 nisi
2109 2339 2179 2397 ut
2226 2332 2313 2397 ad
2361 2331 2541 2417 ipsos
2581 2349 2807 2395 uersus

570 2445 955 2511 accedamus
1003 2452 1068 2510 et
1113 2445 1468 2529 uideamuS,
1517 2444 1708 2526 quale
1754 2445 1835 2510 de
1883 2465 1953 2510 se
2000 2445 2126 2529 ipsi
2186 2443 2495 2508 iudicium
2540 2441 2803 2508 faciant.

571 2559 738 2624 Nam
785 2565 854 2622 ut
898 2557 1104 2642 codd.,
1149 2558 1244 2623 ita
1290 2557 1678 2622 scholiorum
1726 2563 1790 2622 et
1846 2558 2411 2639 grammaticorum
2456 2554 2699 2620 auxilio
2738 2554 2806 2618 in

571 2670 694 2734 hac
739 2669 1118 2752 quaestione
1167 2669 1460 2734 destituti
1507 2689 1748 2754 sumus,
1799 2689 1941 2733 cum
1979 2669 2205 2733 horum
2242 2670 2642 2754 temporibus
2667 2690 2805 2736 uer-

573 2802 685 2847 sus
733 2803 902 2848 saec.
950 2785 1017 2848 II
1062 2789 1174 2849 aut
1220 2785 1317 2849 III
1365 2783 1447 2848 ab
1486 2782 2057 2876 interpolatoribus
2095 2780 2302 2848 additi
2349 2784 2649 2867 dignosci
2695 2783 2806 2848 uix

571 2938 656 2992 23.
697 2936 854 2992 Suet.
895 2937 1040 2992 Otho
1079 2937 1129 2992 4.
1169 2936 1243 3008 6),
1291 2954 1345 2991 u.
1385 2937 1508 3005 558,
1564 2939 1596 2991 9
1637 2937 1809 2990 alludi
1845 2936 2317 3005 interpretatores
2356 2941 2512 2992 recte
2552 2942 2805 2993 statuere

573 3028 853 3096 uidentur,
896 3027 1024 3096 quis
1063 3031 1153 3082 est
1191 3027 1325 3096 quin
1363 3027 1664 3094 concedat,
1717 3041 1829 3079 non
1866 3027 2049 3081 minus
2088 3026 2391 3080 uerisimile
2432 3044 2592 3096 esse,
2644 3027 2807 3080 que·

571 3117 753 3172 nalem
781 3133 880 3171 eas
903 3132 997 3171 res
1028 3121 1228 3186 gestas
1261 3131 1717 3183 commemorare,
1758 3131 1993 3184 quarum
2025 3116 2080 3169 in
2112 3119 2371 3184 tempora
2398 3116 2581 3184 ipsius
2610 3115 2806 3170 iuuen-

573 3212 668 3261 tus
719 3206 942 3275 incidit,
992 3221 1158 3274 quam
1212 3221 1281 3259 ex
1331 3205 1555 3272 Tacit0‚
1613 3203 1917 3272 Suetonio,
1972 3204 2273 3259 Plutarcho
2325 3220 2527 3260 uersus
2578 3209 2807 3258 nostros

575 3296 844 3350 oriundos
883 3295 954 3350 ab
994 3294 1398 3364 interpolatore
1437 3294 1697 3363 quolibet
1734 3294 1823 3348 hic
1861 3293 2085 3348 additos
2127 3309 2277 3349 esse.

724 3383 764 3455 ¹)
801 3385 1033 3454 Papas
1073 3384 1218 3439 enim
1257 3383 1412 3452 quod
1449 3382 1787 3437 uocabulum
1831 3382 1885 3435 in
1916 3383 2101 3436 media
2128 3386 2318 3438 aetate
2348 3383 2497 3436 idem
2530 3380 2809 3451 significat

574 3490 641 3528 ac
677 3475 1048 3544 paedagogus
1063 3515 1076 3544 ,
1126 3479 1257 3528 ante
1293 3473 1442 3528 hunc
1483 3473 1605 3527 qu.
1647 3473 1829 3527 locum
1878 3487 2181 3541 numquam
2230 3472 2310 3526 ita
2353 3475 2679 3540 usurpatur.
2754 3489 2806 3530 u.

501 3627 511 3637 ,
573 3565 666 3619 Du
704 3563 914 3632 Gange,
953 3564 1139 3618 Gloss.
1179 3579 1224 3618 s.
1263 3580 1319 3617 u.

719 3652 762 3723 2)
800 3654 861 3707 In
888 3653 958 3708 iis
999 3653 1162 3720 enim,
1200 3668 1346 3722 quae
1385 3652 1755 3720 antecedunt,
1796 3652 1866 3706 de
1902 3651 2193 3718 noum-cisi,
2254 3667 2364 3705 non
2413 3651 2483 3706 de
2533 3650 2806 3705 matribus

577 3758 891 3799 sermonem
921 3758 1052 3797 esse
1084 3742 1403 3810 Paldamus,
1430 3741 1486 3794 in
1519 3741 1789 3796 Zeitschr.
1824 3740 1863 3795 f.
1904 3741 2327 3796 Alterthumsw.
2369 3741 2525 3808 1838,
2561 3756 2617 3808 p.
2649 3740 2805 3794 1143.

575 3831 806 3886 monuit.
883 3830 1050 3896 Quod
1085 3831 1219 3885 nihil
1255 3832 1445 3885 ualere
1485 3831 1556 3884 ad
1597 3830 1967 3899 suspitionem
2019 3831 2091 3885 de
2142 3830 2297 3885 hisce
2348 3846 2531 3885 uerSS.
2581 3844 2808 3884 mouen-

577 3923 730 3990 dam,
779 3921 890 3974 iam
935 3921 1242 3975 Heinrichii
1290 3936 1428 3974 uera
1472 3919 1638 3976 huius
1677 3920 1786 3975 loci
1824 3920 2213 3989 interpretatio
2254 3919 2523 3974 ostendit.
2598 3918 2807 3973 Grada-

575 4011 784 4065 tionem
825 4010 969 4065 enim
1008 4010 1398 4079 grauissimam
1437 4007 1558 4063 fieri
1596 4009 1793 4064 uideas
1833 4026 1903 4064 ex
1942 4009 2090 4064 natis
2130 4009 2201 4063 de
2239 4008 2438 4077 pellice
2468 4009 2545 4079 (u.
2579 4007 2707 4077 627)
2737 4007 2809 4062 ad

575 4100 889 4169 priuignos,
940 4099 1183 4168 denique
1221 4099 1293 4153 ad
1328 4099 1510 4167 ipsius
1549 4097 1792 4154 feminae
1828 4098 2037 4154 liberos
2076 4114 2147 4153 ex
2184 4101 2405 4152 mortuo
2447 4097 2645 4151 marito
2683 4112 2807 4165 par-

577 4194 697 4256 tos,
754 4189 826 4243 de
883 4188 1090 4258 quibus
1147 4205 1200 4242 u.
1257 4188 1360 4242 629
1417 4189 1647 4258 pupillis
1705 4189 2004 4244 nominatis
2058 4189 2115 4241 in
2172 4188 2255 4243 eis
2311 4202 2458 4256 quae
2514 4190 2801 4256 secuntur,

578 4293 762 4333 sermo
803 4281 910 4332 est.
