3284 4792
1383 361 1824 426 ...25—

493 547 740 608 tantum
770 544 1122 611 eiiciendos
1148 565 1292 612 esse
1317 551 1720 631 censuerunt,
1746 565 1907 629 quos
1932 545 2192 612 retineri
2215 563 2344 620 non
2368 563 2563 630 posse
2589 565 2718 610 cer-

493 654 787 721 tissimae
814 677 1050 722 causae
1075 656 1408 723 euidenter
1431 658 1964 750 demonstrarent.
1983 661 2156 723 —In
2178 658 2303 723 hac
2318 657 2717 742 quaestione,

487 774 560 832 ut
627 787 881 854 semper
950 790 1093 834 cum
1162 769 1244 835 de
1309 769 1684 854 incorrupta
1759 771 1983 855 scripti
2048 771 2391 836 cuiuslibet
2457 769 2719 853 integri-

487 887 620 945 tate
667 881 900 965 agitur,
948 881 1480 967 proficiscendum
1529 889 1629 947 est
1670 904 1710 947 a
1745 882 2099 948 codicibus,
2173 885 2271 947 Ex
2304 882 2540 964 quibus
2576 901 2717 947 cum

490 991 750 1057 omnino
819 993 1246 1060 Pithoeanum
1308 1018 1593 1061 summae
1657 1019 1786 1061 esse
1816 997 1991 1080 fidei
2037 1001 2329 1080 constat,
2400 1000 2533 1060 tum
2596 994 2719 1059 hac

371 1117 374 1120 ’
487 1123 739 1186 quoque
801 1105 869 1169 in
928 1126 997 1170 re
1051 1106 1260 1172 locum
1327 1126 1508 1171 suum
1570 1113 1764 1172 tenet.
1860 1107 2019 1172 Cum
2077 1106 2245 1173 enim
2312 1126 2423 1173 eos
2471 1124 2717 1190 uersus,

487 1215 595 1296 qui
658 1215 726 1280 in
785 1237 861 1282 eo
921 1217 1186 1302 desunt,
1257 1218 1323 1283 in
1388 1218 1784 1283 editionibus
1848 1225 2059 1283 autem
2107 1219 2437 1301 leguntur:
2485 1220 2561 1304 V,
2611 1220 2716 1284 91.

486 1329 594 1413 VI,
647 1330 796 1394 126.
844 1332 993 1396 308.
1042 1332 1190 1416 558,
1240 1332 1299 1398 9.
1350 1333 1498 1416 632,
1549 1333 1609 1396 3.
1651 1370 1737 1379 —-
1769 1353 1921 1396 nam
1968 1331 2078 1412 qui
2111 1338 2449 1417 praeterea
2486 1353 2527 1397 a
2564 1351 2719 1416 pau-

489 1440 771 1508 cissimis
837 1442 1168 1507 codicibus
1224 1442 1651 1509 deterioribus
1698 1443 2065 1527 traduntur,
2129 1463 2243 1508 eos
2287 1442 2526 1508 nullius
2573 1463 2719 1509 esse

487 1554 796 1637 antiquae
833 1556 988 1621 fidei
1032 1577 1149 1641 per
1196 1577 1267 1622 se
1313 1563 1494 1641 patet
1517 1595 1624 1641 -,
1672 1556 1855 1621 multi
1893 1556 2078 1621 codd.
2116 1555 2453 1621 deterioris
2490 1556 2718 1621 classis

489 1676 602 1734 aut
649 1670 948 1734 omittant
993 1676 1105 1734 aut
1151 1669 1342 1735 modo
1398 1669 1524 1734 huc
1569 1669 1763 1733 modo
1810 1669 1962 1733 illuc
2008 1674 2455 1752 transponant,
2520 1689 2717 1753 appa-

486 1788 600 1866 ret,
651 1801 872 1846 omnes
921 1803 962 1846 a
1005 1781 1365 1846 Pithoeano
1416 1781 1692 1846 omissos
1742 1800 1985 1864 uersus,
2030 1800 2177 1846 cum
2224 1780 2292 1844 in
2339 1780 2449 1845 illo
2476 1780 2717 1866 codice,

487 1913 569 1959 ex
617 1913 743 1974 quo
802 1894 978 1958 solus
1023 1873 1190 1958 Pith.
1252 1893 1564 1975 originem
1624 1893 1835 1977 duxit,
1907 1893 2166 1958 omnino
2226 1912 2353 1957 non
2411 1892 2717 1978 inessent,

485 2005 874 2087 reliquorum
947 2006 1229 2069 omnium
1288 2005 1579 2070 codicum
1636 2005 2057 2089 archetypum
2111 2005 2180 2069 in
2235 2005 2528 2087 margine
2580 2012 2717 2070 tan-

486 2125 620 2182 tum
667 2117 974 2182 habuisse
1025 2117 1112 2204 (u.
1162 2119 1359 2184 schol.
1410 2120 1634 2184 Vallae
1683 2119 1768 2184 ad
1813 2120 1923 2203 VI,
1973 2120 2121 2203 632,
2171 2120 2245 2184 3:
2308 2121 2378 2184 hi
2425 2121 2573 2204 duo,
2620 2122 2717 2184 in-

485 2234 626 2317 quit
669 2233 944 2316 Probus,
994 2234 1304 2299 versiculi
1349 2236 1424 2298 in
1469 2235 1628 2299 aliis
1674 2258 1802 2299 non
1858 2234 2055 2319 sunt).
2147 2235 2371 2316 Longe
2428 2231 2561 2297 alia
2616 2237 2715 2297 est

482 2344 870 2426 reliquorum
919 2345 1104 2410 codd.
1154 2346 1468 2411 condicio,
1560 2348 1827 2411 Praeter
1875 2347 1981 2430 VI,
2035 2347 2180 2411 126.
2230 2346 2404 2429 VIII,
2455 2345 2490 2409 7
2541 2343 2714 2410 enim

483 2456 678 2541 pauci
747 2462 996 2521 tantum
1066 2456 1252 2523 codd.
1311 2457 1604 2541 singulos
1674 2478 1900 2524 uersus
1966 2479 2097 2524 non
2165 2458 2409 2524 habent
2478 2477 2716 2540 eosque

481 2569 679 2652 igitur
726 2570 918 2651 longe
964 2569 1321 2653 posteriore
1369 2577 1659 2654 tempore
1704 2570 2145 2654 perdiderunt.
2216 2570 2421 2636 Vnius
2464 2571 2643 2654 VIII,
2675 2571 2711 2635 ‘1

483 2684 719 2749 similis
765 2690 865 2749 est
911 2684 1206 2749 condicio
1253 2690 1448 2766 atque
1493 2703 1796 2749 uersuum
1846 2703 2041 2768 supra
2074 2684 2503 2768 laudatorum,
2552 2703 2715 2769 cum,

483 2801 551 2860 ut
599 2796 711 2880 VI,
760 2798 886 2862 126
933 2819 1205 2883 quoque,
1246 2798 1312 2863 in
1361 2799 1660 2864 omnibus
1711 2797 2048 2863 deterioris
2085 2797 2342 2881 generis
2388 2796 2573 2862 codd.
2610 2817 2715 2862 ex-

481 2909 687 2993 ceptis
720 2911 1185 2976 recentioribus
1209 2910 1597 2993 quibusdam
1623 2911 1810 2976 desit.
1860 2911 2055 2975 Dicat
2079 2930 2249 2975 1111110
2282 2910 2445 2996 quis,
2487 2919 2557 2975 ut
2580 2909 2714 2977 fere

482 3043 754 3108 semper,
787 3023 881 3089 ita
905 3023 1029 3088 hac
1065 3042 1316 3105 quoque
1341 3023 1406 3086 in
1433 3044 1501 3088 re
1525 3023 1870 3088 Pithoeani
1902 3023 2243 3108 probatam
2268 3023 2715 3089 auctoritatem

481 3137 723 3202 secutis
766 3144 1013 3222 septem
1047 3137 1192 3201 illos
1229 3156 1473 3220 uersus,
1522 3156 1685 3217 quos
1724 3137 1792 3200 in
1830 3155 1908 3201 eo
1953 3155 2081 3200 non
2120 3134 2414 3220 legimus,
2461 3136 2715 3220 spurios

477 3248 668 3314 nobis
713 3248 1047 3314 habendos
1093 3268 1258 3314 esse.
1330 3248 1461 3314 Sed
1508 3248 1671 3313 miro
1711 3249 1904 3313 modo
1952 3255 2101 3313 ante
2150 3248 2369 3313 omnia
2412 3248 2556 3332 ipse
2606 3248 2715 3315 ille

480 3380 724 3442 uersus,
788 3380 977 3442 quem
1024 3381 1232 3443 neque
1276 3360 1468 3445 Pith.,
1529 3380 1738 3442 neque
1783 3359 1977 3442 longe
2022 3359 2282 3445 plurimi
2328 3361 2714 3444 reliquorum

480 3474 665 3540 codd.
729 3475 1021 3540 tradunt:
1089 3477 1199 3559 VI,
1246 3476 1390 3559 126,
1439 3494 1558 3539 nos
1605 3473 1923 3559 prohibet,
1970 3494 2052 3539 ne
2100 3480 2339 3539 temere
2383 3473 2507 3540 hoc
2551 3475 2713 3540 iudi-

479 3585 647 3650 cium
693 3584 1032 3652 faciamus,
1123 3589 1218 3651 Eo
1267 3587 1436 3652 enim
1483 3587 1643 3670 loc0,
1693 3606 1818 3667 quo
1866 3606 2031 3670 eum,
2079 3606 2267 3668 quem
2315 3587 2508 3671 paulo
2554 3586 2713 3654 infe-

479 3699 611 3764 rius
666 3699 732 3763 in
795 3700 1066 3764 uetustis
1125 3699 1308 3764 codd.
1354 3686 1751 3763 Pulmannus
1810 3704 1873 3763 et
1919 3700 2010 3763 Io.
2060 3698 2496 3783 Cuspinianus
2542 3700 2711 3783 lege-

477 3818 642 3896 runt,
701 3813 1064 3878 Henninius
1119 3813 1354 3897 posuit,
1419 3813 1530 3877 uix
1591 3819 1805 3898 potest
1867 3812 2244 3897 desiderari,
2318 3832 2460 3877 cum
2520 3820 2715 3898 caput

479 3925 563 3989 sit
607 3924 805 3989 totius
831 3925 1136 4008 criminis,
1185 3944 1310 4006 quo
1351 3925 1681 3991 quenalis
1716 3925 1981 3990 damnat
2004 3924 2440 3990 Messalinam.
2500 3925 2712 3990 Etiam

477 4039 587 4123 VI,
624 4039 775 4115 558,
810 4043 870 4123 9,
943 4040 1176 4120 quibus
1246 4038 1505 4104 omissis
1562 4058 1622 4103 u.
1673 4038 1799 4103 557
1859 4037 2052 4102 11111118
2125 4035 2337 4102 nudus
2399 4038 2715 4120 exilisque

479 4159 653 4216 esset
713 4172 830 4237 pro
892 4151 1221 4216 quenalis
1284 4149 1498 4215 indole
1518 4151 1589 4237 1),
1637 4170 1765 4214 non
1812 4149 2004 4215 facile
2051 4149 2283 4214 abesse
2329 4150 2603 4234 possint,
2653 4157 2715 4216 et

624 4305 666 4378 ¹)
704 4269 870 4370 Quod
905 4267 1095 4360 autem
1133 4303 1204 4358 ad
1251 4304 1638 4358 Ptolemaeum
1688 4302 1984 4358 Seleucum
2033 4301 2483 4356 mathematicum
2534 4301 2704 4370 illum,

479 4411 592 4466 quo
639 4395 916 4451 suadente
955 4394 1101 4451 Otho
1150 4409 1334 4450 rerum
1382 4393 1600 4463 potitus
1640 4396 1732 4448 est
1767 4391 1922 4465 (Tac.
1959 4391 2103 4448 Hist.
2139 4392 2183 4461 I,
2221 4391 2309 4444 22.
2349 4391 2497 4444 Plut.
2526 4389 2710 4446 Galba
