<?xml version="1.0" encoding="UTF-8"?>
<!DOCTYPE html PUBLIC "-//W3C//DTD XHTML 1.0 Transitional//EN"
    "http://www.w3.org/TR/xhtml1/DTD/xhtml1-transitional.dtd">
<html xmlns="http://www.w3.org/1999/xhtml" xml:lang="en" lang="en">
 <head>
  <title>
</title>
<meta http-equiv="Content-Type" content="text/html;charset=utf-8" />
  <meta name='ocr-system' content='tesseract 3.04.00' />
  <meta name='ocr-capabilities' content='ocr_page ocr_carea ocr_par ocr_line ocrx_word'/>
</head>
<body>
  <div class='ocr_page' id='page_1' title='image "./vindiciaeivvena00unkngoog_0055.png"; bbox 0 0 3284 4792; ppageno 0'>
   <div class='ocr_carea' id='block_1_1' title="bbox 1353 361 1796 426">
    <p class='ocr_par' dir='ltr' id='par_1_1' title="bbox 1353 361 1796 426">
     <span class='ocr_line' id='line_1_1' title="bbox 1353 361 1796 426; baseline 0 -16"><span class='ocrx_word' id='word_1_1' title='bbox 1353 361 1796 426; x_wconf 75' lang='lat'>...45-</span> 
     </span>
    </p>
   </div>
   <div class='ocr_carea' id='block_1_2' title="bbox 445 545 2701 4241">
    <p class='ocr_par' dir='ltr' id='par_1_2' title="bbox 445 545 2701 4241">
     <span class='ocr_line' id='line_1_2' title="bbox 460 545 2701 637; baseline 0 -26"><span class='ocrx_word' id='word_1_2' title='bbox 460 547 852 637; x_wconf 87' lang='lat' dir='ltr'><strong>Praesertim</strong></span> <span class='ocrx_word' id='word_1_3' title='bbox 915 547 1310 614; x_wconf 82' lang='lat' dir='ltr'><strong>Graecorum</strong></span> <span class='ocrx_word' id='word_1_4' title='bbox 1388 547 1743 631; x_wconf 82' lang='lat' dir='ltr'><strong>nequitiam</strong></span> <span class='ocrx_word' id='word_1_5' title='bbox 1801 554 2059 634; x_wconf 88' lang='lat' dir='ltr'><strong>praeter</strong></span> <span class='ocrx_word' id='word_1_6' title='bbox 2124 545 2701 614; x_wconf 76' lang='lat' dir='ltr'><strong>luculentissimam</strong></span> 
     </span>
     <span class='ocr_line' id='line_1_3' title="bbox 458 658 2697 745; baseline 0.001 -22"><span class='ocrx_word' id='word_1_7' title='bbox 458 666 578 724; x_wconf 89' lang='lat' dir='ltr'><strong>sat.</strong></span> <span class='ocrx_word' id='word_1_8' title='bbox 626 660 725 725; x_wconf 91' lang='lat' dir='ltr'><strong>III</strong></span> <span class='ocrx_word' id='word_1_9' title='bbox 773 659 1276 745; x_wconf 80' lang='lat' dir='ltr'><strong>descriptionem</strong></span> <span class='ocrx_word' id='word_1_10' title='bbox 1332 661 1581 745; x_wconf 90' lang='lat' dir='ltr'><strong>passim</strong></span> <span class='ocrx_word' id='word_1_11' title='bbox 1638 659 2044 745; x_wconf 86' lang='lat' dir='ltr'><strong>persequitur</strong></span> <span class='ocrx_word' id='word_1_12' title='bbox 2090 658 2227 744; x_wconf 93' lang='lat' dir='ltr'>(VI,</span> <span class='ocrx_word' id='word_1_13' title='bbox 2272 661 2373 725; x_wconf 87' lang='lat'><strong>16.</strong></span> <span class='ocrx_word' id='word_1_14' title='bbox 2421 660 2505 724; x_wconf 91' lang='lat' dir='ltr'><strong>X.</strong></span> <span class='ocrx_word' id='word_1_15' title='bbox 2551 660 2697 726; x_wconf 92' lang='grc'><strong>174.</strong></span> 
     </span>
     <span class='ocr_line' id='line_1_4' title="bbox 455 771 2699 858; baseline 0.001 -22"><span class='ocrx_word' id='word_1_16' title='bbox 455 772 630 857; x_wconf 89' lang='lat' dir='ltr'><strong>XIV,</strong></span> <span class='ocrx_word' id='word_1_17' title='bbox 657 771 816 858; x_wconf 91' lang='grc'><strong>240)</strong></span> <span class='ocrx_word' id='word_1_18' title='bbox 865 779 928 838; x_wconf 86' lang='grc'><strong>81</strong></span> <span class='ocrx_word' id='word_1_19' title='bbox 976 773 1318 838; x_wconf 80' lang='lat' dir='ltr'><strong>occasione</strong></span> <span class='ocrx_word' id='word_1_20' title='bbox 1365 773 1521 838; x_wconf 88' lang='lat' dir='ltr'><strong>data</strong></span> <span class='ocrx_word' id='word_1_21' title='bbox 1565 793 1873 856; x_wconf 88' lang='lat' dir='ltr'><strong>magnum</strong></span> <span class='ocrx_word' id='word_1_22' title='bbox 1920 772 1987 836; x_wconf 93' lang='lat' dir='ltr'><strong>in</strong></span> <span class='ocrx_word' id='word_1_23' title='bbox 2026 792 2140 838; x_wconf 89' lang='lat' dir='ltr'><strong>eos</strong></span> <span class='ocrx_word' id='word_1_24' title='bbox 2176 771 2393 838; x_wconf 88' lang='lat' dir='ltr'><strong>odium</strong></span> <span class='ocrx_word' id='word_1_25' title='bbox 2431 792 2591 857; x_wconf 87' lang='lat' dir='ltr'><strong>prae</strong></span> <span class='ocrx_word' id='word_1_26' title='bbox 2626 792 2699 838; x_wconf 87' lang='grc'><strong>88</strong></span> 
     </span>
     <span class='ocr_line' id='line_1_5' title="bbox 453 881 2696 970; baseline 0.003 -25"><span class='ocrx_word' id='word_1_27' title='bbox 453 881 595 948; x_wconf 88' lang='lat' dir='ltr'><strong>fert.</strong></span> <span class='ocrx_word' id='word_1_28' title='bbox 645 883 783 969; x_wconf 83' lang='lat' dir='ltr'>(VI,</span> <span class='ocrx_word' id='word_1_29' title='bbox 815 884 944 949; x_wconf 84' lang='lat'><strong>185</strong></span> <span class='ocrx_word' id='word_1_30' title='bbox 978 904 1063 950; x_wconf 89' lang='lat' dir='ltr'><strong>ss.</strong></span> <span class='ocrx_word' id='word_1_31' title='bbox 1098 885 1275 968; x_wconf 89' lang='lat' dir='ltr'>VIII,</span> <span class='ocrx_word' id='word_1_32' title='bbox 1303 886 1451 949; x_wconf 95' lang='grc'><strong>226.</strong></span> <span class='ocrx_word' id='word_1_33' title='bbox 1499 886 1616 969; x_wconf 90' lang='lat' dir='ltr'><strong>XI,</strong></span> <span class='ocrx_word' id='word_1_34' title='bbox 1649 885 1793 949; x_wconf 91' lang='grc'><strong>100.</strong></span> <span class='ocrx_word' id='word_1_35' title='bbox 1842 885 2016 969; x_wconf 89' lang='lat' dir='ltr'>XIV,</span> <span class='ocrx_word' id='word_1_36' title='bbox 2045 883 2177 970; x_wconf 84' lang='lat'>89).</span> <span class='ocrx_word' id='word_1_37' title='bbox 2228 886 2391 950; x_wconf 86' lang='lat' dir='ltr'><strong>Tum</strong></span> <span class='ocrx_word' id='word_1_38' title='bbox 2416 885 2696 952; x_wconf 88' lang='lat' dir='ltr'><strong>Iudaeos</strong></span> 
     </span>
     <span class='ocr_line' id='line_1_6' title="bbox 455 997 2694 1082; baseline 0.001 -23"><span class='ocrx_word' id='word_1_39' title='bbox 455 1015 802 1078; x_wconf 88' lang='lat' dir='ltr'><strong>eorumque</strong></span> <span class='ocrx_word' id='word_1_40' title='bbox 847 1017 1059 1062; x_wconf 88' lang='lat' dir='ltr'><strong>mores</strong></span> <span class='ocrx_word' id='word_1_41' title='bbox 1107 1004 1172 1062; x_wconf 91' lang='lat' dir='ltr'><strong>et</strong></span> <span class='ocrx_word' id='word_1_42' title='bbox 1215 997 1616 1082; x_wconf 86' lang='lat' dir='ltr'><strong>religionem,</strong></span> <span class='ocrx_word' id='word_1_43' title='bbox 1664 1003 1734 1061; x_wconf 90' lang='lat' dir='ltr'><strong>ut</strong></span> <span class='ocrx_word' id='word_1_44' title='bbox 1780 1016 2003 1062; x_wconf 88' lang='lat' dir='ltr'><strong>omnes</strong></span> <span class='ocrx_word' id='word_1_45' title='bbox 2049 998 2397 1081; x_wconf 88' lang='lat' dir='ltr'><strong>Romanos,</strong></span> <span class='ocrx_word' id='word_1_46' title='bbox 2455 997 2549 1062; x_wconf 86' lang='lat' dir='ltr'><strong>ita</strong></span> <span class='ocrx_word' id='word_1_47' title='bbox 2593 999 2694 1062; x_wconf 91' lang='lat' dir='ltr'><strong>Iu-</strong></span> 
     </span>
     <span class='ocr_line' id='line_1_7' title="bbox 452 1108 2697 1195; baseline 0.001 -23"><span class='ocrx_word' id='word_1_48' title='bbox 452 1108 747 1174; x_wconf 88' lang='lat' dir='ltr'><strong>uenalem</strong></span> <span class='ocrx_word' id='word_1_49' title='bbox 793 1128 1046 1193; x_wconf 88' lang='lat' dir='ltr'><strong>quoquc</strong></span> <span class='ocrx_word' id='word_1_50' title='bbox 1086 1111 1376 1176; x_wconf 90' lang='lat' dir='ltr'><strong>deridere</strong></span> <span class='ocrx_word' id='word_1_51' title='bbox 1415 1117 1479 1176; x_wconf 89' lang='lat' dir='ltr'><strong>et</strong></span> <span class='ocrx_word' id='word_1_52' title='bbox 1517 1110 1852 1195; x_wconf 84' lang='lat' dir='ltr'><strong>despicere</strong></span> <span class='ocrx_word' id='word_1_53' title='bbox 1884 1110 1953 1174; x_wconf 92' lang='lat' dir='ltr'><strong>hi</strong></span> <span class='ocrx_word' id='word_1_54' title='bbox 1990 1110 2117 1175; x_wconf 91' lang='lat' dir='ltr'><strong>loci</strong></span> <span class='ocrx_word' id='word_1_55' title='bbox 2154 1110 2532 1176; x_wconf 87' lang='lat' dir='ltr'><strong>ostendunt:</strong></span> <span class='ocrx_word' id='word_1_56' title='bbox 2579 1111 2697 1194; x_wconf 93' lang='lat' dir='ltr'>III,</span> 
     </span>
     <span class='ocr_line' id='line_1_8' title="bbox 458 1222 2695 1308; baseline -0.001 -20"><span class='ocrx_word' id='word_1_57' title='bbox 458 1225 534 1288; x_wconf 85' lang='lat'><strong>17</strong></span> <span class='ocrx_word' id='word_1_58' title='bbox 579 1244 664 1290; x_wconf 90' lang='lat' dir='ltr'><strong>ss.</strong></span> <span class='ocrx_word' id='word_1_59' title='bbox 713 1225 822 1308; x_wconf 93' lang='lat' dir='ltr'><strong>VI,</strong></span> <span class='ocrx_word' id='word_1_60' title='bbox 865 1224 990 1290; x_wconf 85' lang='lat'><strong>159</strong></span> <span class='ocrx_word' id='word_1_61' title='bbox 1032 1243 1082 1290; x_wconf 90' lang='grc'><strong>8.</strong></span> <span class='ocrx_word' id='word_1_62' title='bbox 1131 1225 1260 1289; x_wconf 90' lang='grc'><strong>542</strong></span> <span class='ocrx_word' id='word_1_63' title='bbox 1309 1243 1394 1288; x_wconf 89' lang='grc'><strong>88.</strong></span> <span class='ocrx_word' id='word_1_64' title='bbox 1443 1224 1620 1307; x_wconf 92' lang='lat' dir='ltr'>XIV,</span> <span class='ocrx_word' id='word_1_65' title='bbox 1653 1224 1739 1288; x_wconf 83' lang='lat'><strong>96</strong></span> <span class='ocrx_word' id='word_1_66' title='bbox 1788 1243 1871 1288; x_wconf 89' lang='lat' dir='ltr'><strong>ss.</strong></span> <span class='ocrx_word' id='word_1_67' title='bbox 1967 1222 2245 1289; x_wconf 91' lang='lat' dir='ltr'><strong>Omnino</strong></span> <span class='ocrx_word' id='word_1_68' title='bbox 2292 1229 2507 1288; x_wconf 88' lang='lat' dir='ltr'><strong>antem</strong></span> <span class='ocrx_word' id='word_1_69' title='bbox 2554 1243 2695 1308; x_wconf 90' lang='lat' dir='ltr'><strong>per-</strong></span> 
     </span>
     <span class='ocr_line' id='line_1_9' title="bbox 453 1336 2694 1424; baseline 0.001 -23"><span class='ocrx_word' id='word_1_70' title='bbox 453 1337 718 1419; x_wconf 86' lang='lat' dir='ltr'><strong>egrinae</strong></span> <span class='ocrx_word' id='word_1_71' title='bbox 766 1338 1116 1422; x_wconf 83' lang='lat' dir='ltr'><strong>religiones</strong></span> <span class='ocrx_word' id='word_1_72' title='bbox 1162 1345 1225 1404; x_wconf 89' lang='lat' dir='ltr'><strong>et</strong></span> <span class='ocrx_word' id='word_1_73' title='bbox 1273 1339 1771 1423; x_wconf 83' lang='lat' dir='ltr'><strong>superstitiones</strong></span> <span class='ocrx_word' id='word_1_74' title='bbox 1816 1338 1883 1403; x_wconf 91' lang='lat' dir='ltr'><strong>in</strong></span> <span class='ocrx_word' id='word_1_75' title='bbox 1933 1337 2083 1403; x_wconf 91' lang='lat' dir='ltr'><strong>odio</strong></span> <span class='ocrx_word' id='word_1_76' title='bbox 2132 1343 2281 1403; x_wconf 89' lang='lat' dir='ltr'><strong>sunt</strong></span> <span class='ocrx_word' id='word_1_77' title='bbox 2316 1336 2489 1424; x_wconf 90' lang='lat' dir='ltr'><strong>apud</strong></span> <span class='ocrx_word' id='word_1_78' title='bbox 2530 1356 2694 1404; x_wconf 70' lang='lat' dir='ltr'><strong>eum.</strong></span> 
     </span>
     <span class='ocr_line' id='line_1_10' title="bbox 453 1447 2694 1536; baseline -0.002 -19"><span class='ocrx_word' id='word_1_79' title='bbox 453 1452 596 1517; x_wconf 92' lang='lat' dir='ltr'><strong>Non</strong></span> <span class='ocrx_word' id='word_1_80' title='bbox 656 1453 861 1517; x_wconf 91' lang='lat' dir='ltr'><strong>solum</strong></span> <span class='ocrx_word' id='word_1_81' title='bbox 921 1451 1092 1517; x_wconf 91' lang='lat' dir='ltr'><strong>enim</strong></span> <span class='ocrx_word' id='word_1_82' title='bbox 1154 1471 1270 1536; x_wconf 90' lang='lat' dir='ltr'><strong>per</strong></span> <span class='ocrx_word' id='word_1_83' title='bbox 1329 1469 1400 1516; x_wconf 89' lang='lat' dir='ltr'><strong>se</strong></span> <span class='ocrx_word' id='word_1_84' title='bbox 1458 1457 1609 1516; x_wconf 90' lang='lat' dir='ltr'><strong>sunt</strong></span> <span class='ocrx_word' id='word_1_85' title='bbox 1667 1457 1887 1535; x_wconf 82' lang='lat' dir='ltr'><strong>turpes</strong></span> <span class='ocrx_word' id='word_1_86' title='bbox 1948 1458 2011 1515; x_wconf 92' lang='lat' dir='ltr'><strong>et</strong></span> <span class='ocrx_word' id='word_1_87' title='bbox 2067 1449 2342 1515; x_wconf 88' lang='lat' dir='ltr'><strong>insanae</strong></span> <span class='ocrx_word' id='word_1_88' title='bbox 2390 1447 2559 1535; x_wconf 81' lang='lat' dir='ltr'><strong>(XV,</strong></span> <span class='ocrx_word' id='word_1_89' title='bbox 2606 1448 2694 1514; x_wconf 89' lang='lat' dir='ltr'><strong>in.</strong></span> 
     </span>
     <span class='ocr_line' id='line_1_11' title="bbox 451 1561 2696 1650; baseline -0.002 -20"><span class='ocrx_word' id='word_1_90' title='bbox 451 1565 624 1649; x_wconf 90' lang='lat' dir='ltr'>XIV,</span> <span class='ocrx_word' id='word_1_91' title='bbox 652 1566 737 1630; x_wconf 85' lang='lat'><strong>96</strong></span> <span class='ocrx_word' id='word_1_92' title='bbox 789 1585 874 1630; x_wconf 89' lang='lat' dir='ltr'><strong>ss.</strong></span> <span class='ocrx_word' id='word_1_93' title='bbox 924 1565 1032 1650; x_wconf 93' lang='lat' dir='ltr'><strong>VI,</strong></span> <span class='ocrx_word' id='word_1_94' title='bbox 1074 1564 1220 1629; x_wconf 94' lang='grc'><strong>159.</strong></span> <span class='ocrx_word' id='word_1_95' title='bbox 1277 1564 1429 1628; x_wconf 89' lang='grc'><strong>489.</strong></span> <span class='ocrx_word' id='word_1_96' title='bbox 1485 1562 1633 1628; x_wconf 94' lang='grc'><strong>522.</strong></span> <span class='ocrx_word' id='word_1_97' title='bbox 1677 1562 1855 1649; x_wconf 87' lang='grc'><strong>534),</strong></span> <span class='ocrx_word' id='word_1_98' title='bbox 1917 1562 2033 1627; x_wconf 90' lang='lat' dir='ltr'><strong>sed</strong></span> <span class='ocrx_word' id='word_1_99' title='bbox 2095 1561 2290 1628; x_wconf 88' lang='lat' dir='ltr'><strong>etiam</strong></span> <span class='ocrx_word' id='word_1_100' title='bbox 2337 1564 2696 1627; x_wconf 89' lang='lat' dir='ltr'><strong>Romanam</strong></span> 
     </span>
     <span class='ocr_line' id='line_1_12' title="bbox 452 1673 2693 1760; baseline -0.001 -20"><span class='ocrx_word' id='word_1_101' title='bbox 452 1676 827 1759; x_wconf 83' lang='lat' dir='ltr'><strong>religionem</strong></span> <span class='ocrx_word' id='word_1_102' title='bbox 888 1675 1100 1742; x_wconf 85' lang='lat' dir='ltr'><strong>foedis</strong></span> <span class='ocrx_word' id='word_1_103' title='bbox 1161 1675 1397 1741; x_wconf 90' lang='lat' dir='ltr'><strong>ritibus</strong></span> <span class='ocrx_word' id='word_1_104' title='bbox 1460 1674 1820 1741; x_wconf 84' lang='lat' dir='ltr'><strong>infecerunt</strong></span> <span class='ocrx_word' id='word_1_105' title='bbox 1876 1675 1989 1760; x_wconf 91' lang='lat' dir='ltr'>(II,</span> <span class='ocrx_word' id='word_1_106' title='bbox 2028 1675 2112 1740; x_wconf 89' lang='lat'><strong>83</strong></span> <span class='ocrx_word' id='word_1_107' title='bbox 2150 1694 2236 1739; x_wconf 88' lang='lat' dir='ltr'><strong>ss.</strong></span> <span class='ocrx_word' id='word_1_108' title='bbox 2284 1674 2396 1758; x_wconf 90' lang='lat' dir='ltr'><strong>VI,</strong></span> <span class='ocrx_word' id='word_1_109' title='bbox 2438 1673 2570 1738; x_wconf 86' lang='lat'><strong>314</strong></span> <span class='ocrx_word' id='word_1_110' title='bbox 2607 1693 2693 1738; x_wconf 89' lang='lat' dir='ltr'><strong>ss.</strong></span> 
     </span>
     <span class='ocr_line' id='line_1_13' title="bbox 452 1786 2694 1876; baseline -0.002 -21"><span class='ocrx_word' id='word_1_111' title='bbox 452 1791 577 1855; x_wconf 90' lang='grc'><strong>511</strong></span> <span class='ocrx_word' id='word_1_112' title='bbox 630 1791 748 1871; x_wconf 83' lang='grc'><strong>88.)</strong></span> <span class='ocrx_word' id='word_1_113' title='bbox 801 1830 889 1838; x_wconf 84' lang='lat'><strong>—-</strong></span> <span class='ocrx_word' id='word_1_114' title='bbox 960 1790 1095 1876; x_wconf 89' lang='lat' dir='ltr'><strong>Ipsi</strong></span> <span class='ocrx_word' id='word_1_115' title='bbox 1156 1790 1432 1856; x_wconf 90' lang='lat' dir='ltr'><strong>Romani</strong></span> <span class='ocrx_word' id='word_1_116' title='bbox 1490 1789 1926 1856; x_wconf 86' lang='lat' dir='ltr'><strong>subiectorum</strong></span> <span class='ocrx_word' id='word_1_117' title='bbox 1983 1787 2366 1873; x_wconf 88' lang='lat' dir='ltr'><strong>populorum</strong></span> <span class='ocrx_word' id='word_1_118' title='bbox 2426 1786 2694 1870; x_wconf 89' lang='lat' dir='ltr'><strong>diuitiis,</strong></span> 
     </span>
     <span class='ocr_line' id='line_1_14' title="bbox 449 1903 2696 1990; baseline -0 -23"><span class='ocrx_word' id='word_1_119' title='bbox 449 1904 756 1989; x_wconf 76' lang='lat' dir='ltr'><strong>moribuS,</strong></span> <span class='ocrx_word' id='word_1_120' title='bbox 805 1904 1375 1990; x_wconf 86' lang='lat' dir='ltr'><strong>superstitionibus</strong></span> <span class='ocrx_word' id='word_1_121' title='bbox 1421 1925 1539 1989; x_wconf 91' lang='lat' dir='ltr'><strong>per</strong></span> <span class='ocrx_word' id='word_1_122' title='bbox 1583 1904 1783 1986; x_wconf 87' lang='lat' dir='ltr'><strong>longa</strong></span> <span class='ocrx_word' id='word_1_123' title='bbox 1818 1903 2003 1988; x_wconf 87' lang='lat' dir='ltr'><strong>pacis</strong></span> <span class='ocrx_word' id='word_1_124' title='bbox 2038 1921 2359 1986; x_wconf 88' lang='lat' dir='ltr'><strong>opumque</strong></span> <span class='ocrx_word' id='word_1_125' title='bbox 2402 1907 2696 1986; x_wconf 85' lang='lat' dir='ltr'><strong>tempora</strong></span> 
     </span>
     <span class='ocr_line' id='line_1_15' title="bbox 449 2016 2695 2102; baseline -0 -22"><span class='ocrx_word' id='word_1_126' title='bbox 449 2018 718 2082; x_wconf 88' lang='lat' dir='ltr'><strong>Romam</strong></span> <span class='ocrx_word' id='word_1_127' title='bbox 765 2018 1062 2100; x_wconf 85' lang='lat' dir='ltr'><strong>migratis</strong></span> <span class='ocrx_word' id='word_1_128' title='bbox 1110 2018 1274 2083; x_wconf 80' lang='lat' dir='ltr'><strong>adeo</strong></span> <span class='ocrx_word' id='word_1_129' title='bbox 1322 2017 1604 2102; x_wconf 89' lang='lat' dir='ltr'><strong>corrupti</strong></span> <span class='ocrx_word' id='word_1_130' title='bbox 1667 2023 1731 2082; x_wconf 89' lang='lat' dir='ltr'><strong>et</strong></span> <span class='ocrx_word' id='word_1_131' title='bbox 1792 2016 2133 2101; x_wconf 89' lang='lat' dir='ltr'><strong>deprauati</strong></span> <span class='ocrx_word' id='word_1_132' title='bbox 2194 2022 2372 2100; x_wconf 91' lang='lat' dir='ltr'><strong>sunt,</strong></span> <span class='ocrx_word' id='word_1_133' title='bbox 2443 2021 2512 2079; x_wconf 89' lang='lat' dir='ltr'><strong>ut</strong></span> <span class='ocrx_word' id='word_1_134' title='bbox 2564 2034 2695 2079; x_wconf 89' lang='lat' dir='ltr'><strong>non</strong></span> 
     </span>
     <span class='ocr_line' id='line_1_16' title="bbox 451 2126 2694 2214; baseline -0.002 -20"><span class='ocrx_word' id='word_1_135' title='bbox 451 2130 656 2194; x_wconf 84' lang='lat' dir='ltr'><strong>solum</strong></span> <span class='ocrx_word' id='word_1_136' title='bbox 706 2127 958 2194; x_wconf 77' lang='lat' dir='ltr'><strong>illorum</strong></span> <span class='ocrx_word' id='word_1_137' title='bbox 1004 2149 1217 2194; x_wconf 91' lang='lat' dir='ltr'><strong>mores</strong></span> <span class='ocrx_word' id='word_1_138' title='bbox 1273 2129 1562 2214; x_wconf 88' lang='lat' dir='ltr'><strong>perditos</strong></span> <span class='ocrx_word' id='word_1_139' title='bbox 1623 2134 1930 2213; x_wconf 88' lang='lat' dir='ltr'><strong>aequent,</strong></span> <span class='ocrx_word' id='word_1_140' title='bbox 2002 2128 2118 2194; x_wconf 87' lang='lat' dir='ltr'><strong>sed</strong></span> <span class='ocrx_word' id='word_1_141' title='bbox 2166 2127 2363 2193; x_wconf 89' lang='lat' dir='ltr'><strong>etiam</strong></span> <span class='ocrx_word' id='word_1_142' title='bbox 2412 2126 2694 2191; x_wconf 91' lang='lat' dir='ltr'><strong>omnium</strong></span> 
     </span>
     <span class='ocr_line' id='line_1_17' title="bbox 451 2239 2697 2324; baseline 0 -18"><span class='ocrx_word' id='word_1_143' title='bbox 451 2261 756 2322; x_wconf 84' lang='lat' dir='ltr'><strong>generum</strong></span> <span class='ocrx_word' id='word_1_144' title='bbox 808 2241 985 2306; x_wconf 89' lang='lat' dir='ltr'><strong>uitiis</strong></span> <span class='ocrx_word' id='word_1_145' title='bbox 1032 2241 1099 2307; x_wconf 91' lang='lat' dir='ltr'><strong>in</strong></span> <span class='ocrx_word' id='word_1_146' title='bbox 1146 2241 1414 2324; x_wconf 87' lang='lat' dir='ltr'><strong>fastigio</strong></span> <span class='ocrx_word' id='word_1_147' title='bbox 1457 2241 1781 2307; x_wconf 88' lang='lat' dir='ltr'><strong>stantibus</strong></span> <span class='ocrx_word' id='word_1_148' title='bbox 1819 2241 2168 2322; x_wconf 85' lang='lat' dir='ltr'><strong>magistros</strong></span> <span class='ocrx_word' id='word_1_149' title='bbox 2213 2239 2343 2304; x_wconf 88' lang='lat' dir='ltr'><strong>iam</strong></span> <span class='ocrx_word' id='word_1_150' title='bbox 2391 2249 2697 2324; x_wconf 89' lang='lat' dir='ltr'><strong>superent</strong></span> 
     </span>
     <span class='ocr_line' id='line_1_18' title="bbox 446 2340 2690 2440; baseline -0.002 -18"><span class='ocrx_word' id='word_1_151' title='bbox 446 2340 524 2437; x_wconf 91' lang='lat'><strong>(1,</strong></span> <span class='ocrx_word' id='word_1_152' title='bbox 563 2354 641 2418; x_wconf 84' lang='lat'><strong>87</strong></span> <span class='ocrx_word' id='word_1_153' title='bbox 686 2374 772 2419; x_wconf 77' lang='lat' dir='ltr'><strong>ss.</strong></span> <span class='ocrx_word' id='word_1_154' title='bbox 843 2356 963 2419; x_wconf 85' lang='lat'><strong>147</strong></span> <span class='ocrx_word' id='word_1_155' title='bbox 1009 2375 1094 2420; x_wconf 78' lang='lat' dir='ltr'><strong>ss.</strong></span> <span class='ocrx_word' id='word_1_156' title='bbox 1152 2357 1236 2440; x_wconf 87' lang='lat'><strong>11,</strong></span> <span class='ocrx_word' id='word_1_157' title='bbox 1276 2356 1402 2420; x_wconf 81' lang='lat'><strong>162</strong></span> <span class='ocrx_word' id='word_1_158' title='bbox 1437 2375 1521 2420; x_wconf 76' lang='lat' dir='ltr'><strong>ss.</strong></span> <span class='ocrx_word' id='word_1_159' title='bbox 1591 2356 1709 2420; x_wconf 91' lang='lat'>111.</span> <span class='ocrx_word' id='word_1_160' title='bbox 1759 2355 1870 2438; x_wconf 81' lang='lat' dir='ltr'><strong>vl,</strong></span> <span class='ocrx_word' id='word_1_161' title='bbox 1930 2353 2225 2438; x_wconf 79' lang='lat' dir='ltr'><strong>saepius,</strong></span> <span class='ocrx_word' id='word_1_162' title='bbox 2273 2353 2390 2436; x_wconf 86' lang='lat' dir='ltr'><strong>XI,</strong></span> <span class='ocrx_word' id='word_1_163' title='bbox 2436 2353 2566 2417; x_wconf 84' lang='lat'><strong>130</strong></span> <span class='ocrx_word' id='word_1_164' title='bbox 2604 2372 2690 2418; x_wconf 76' lang='lat' dir='ltr'><strong>ss.</strong></span> 
     </span>
     <span class='ocr_line' id='line_1_19' title="bbox 445 2466 2695 2554; baseline -0.001 -23"><span class='ocrx_word' id='word_1_165' title='bbox 445 2467 560 2547; x_wconf 92' lang='lat' dir='ltr'><strong>XI,</strong></span> <span class='ocrx_word' id='word_1_166' title='bbox 603 2468 707 2532; x_wconf 92' lang='grc'><strong>55.</strong></span> <span class='ocrx_word' id='word_1_167' title='bbox 771 2470 924 2553; x_wconf 91' lang='lat' dir='ltr'>XII,</span> <span class='ocrx_word' id='word_1_168' title='bbox 960 2470 1067 2534; x_wconf 93' lang='grc'><strong>48.</strong></span> <span class='ocrx_word' id='word_1_169' title='bbox 1116 2471 1300 2553; x_wconf 91' lang='lat' dir='ltr'>XIII,</span> <span class='ocrx_word' id='word_1_170' title='bbox 1342 2471 1447 2535; x_wconf 93' lang='grc'><strong>28.</strong></span> <span class='ocrx_word' id='word_1_171' title='bbox 1510 2470 1654 2554; x_wconf 89' lang='lat' dir='ltr'><strong>XV,</strong></span> <span class='ocrx_word' id='word_1_172' title='bbox 1692 2469 1776 2534; x_wconf 94' lang='grc'><strong>59</strong></span> <span class='ocrx_word' id='word_1_173' title='bbox 1830 2489 1915 2534; x_wconf 93' lang='grc'><strong>88.</strong></span> <span class='ocrx_word' id='word_1_174' title='bbox 1956 2471 2127 2554; x_wconf 88' lang='lat' dir='ltr'><strong>etc.).</strong></span> <span class='ocrx_word' id='word_1_175' title='bbox 2219 2466 2387 2531; x_wconf 90' lang='lat' dir='ltr'><strong>Huic</strong></span> <span class='ocrx_word' id='word_1_176' title='bbox 2449 2485 2695 2530; x_wconf 88' lang='lat' dir='ltr'><strong>morum</strong></span> 
     </span>
     <span class='ocr_line' id='line_1_20' title="bbox 448 2578 2693 2666; baseline -0.001 -22"><span class='ocrx_word' id='word_1_177' title='bbox 448 2580 920 2666; x_wconf 87' lang='lat' dir='ltr'><strong>deprauationi,</strong></span> <span class='ocrx_word' id='word_1_178' title='bbox 969 2602 1135 2664; x_wconf 88' lang='lat' dir='ltr'><strong>quae</strong></span> <span class='ocrx_word' id='word_1_179' title='bbox 1181 2582 1312 2646; x_wconf 88' lang='lat' dir='ltr'><strong>iam</strong></span> <span class='ocrx_word' id='word_1_180' title='bbox 1355 2602 1577 2647; x_wconf 88' lang='lat' dir='ltr'><strong>omnes</strong></span> <span class='ocrx_word' id='word_1_181' title='bbox 1623 2581 1759 2647; x_wconf 85' lang='lat' dir='ltr'><strong>fere</strong></span> <span class='ocrx_word' id='word_1_182' title='bbox 1804 2580 2099 2646; x_wconf 90' lang='lat' dir='ltr'><strong>homines</strong></span> <span class='ocrx_word' id='word_1_183' title='bbox 2148 2578 2478 2663; x_wconf 92' lang='lat' dir='ltr'><strong>corripuit,</strong></span> <span class='ocrx_word' id='word_1_184' title='bbox 2527 2597 2693 2642; x_wconf 87' lang='lat' dir='ltr'><strong>com-</strong></span> 
     </span>
     <span class='ocr_line' id='line_1_21' title="bbox 446 2691 2695 2778; baseline -0 -24"><span class='ocrx_word' id='word_1_185' title='bbox 446 2699 640 2775; x_wconf 89' lang='lat' dir='ltr'><strong>parat</strong></span> <span class='ocrx_word' id='word_1_186' title='bbox 699 2691 1058 2776; x_wconf 90' lang='lat' dir='ltr'><strong>priscorum</strong></span> <span class='ocrx_word' id='word_1_187' title='bbox 1132 2700 1490 2778; x_wconf 86' lang='lat' dir='ltr'><strong>temporum</strong></span> <span class='ocrx_word' id='word_1_188' title='bbox 1566 2700 1630 2760; x_wconf 92' lang='lat' dir='ltr'><strong>et</strong></span> <span class='ocrx_word' id='word_1_189' title='bbox 1662 2695 2127 2758; x_wconf 64' lang='lat' dir='ltr'><strong>”Romanorum</strong></span> <span class='ocrx_word' id='word_1_190' title='bbox 2186 2697 2251 2757; x_wconf 91' lang='lat' dir='ltr'><strong>et</strong></span> <span class='ocrx_word' id='word_1_191' title='bbox 2307 2691 2695 2772; x_wconf 89' lang='lat' dir='ltr'><strong>reliquorum</strong></span> 
     </span>
     <span class='ocr_line' id='line_1_22' title="bbox 447 2801 2692 2892; baseline -0.002 -24"><span class='ocrx_word' id='word_1_192' title='bbox 447 2804 774 2871; x_wconf 89' lang='lat' dir='ltr'><strong>hominum</strong></span> <span class='ocrx_word' id='word_1_193' title='bbox 820 2805 1256 2888; x_wconf 83' lang='lat' dir='ltr'><strong>integritatem</strong></span> <span class='ocrx_word' id='word_1_194' title='bbox 1307 2812 1372 2871; x_wconf 87' lang='lat' dir='ltr'><strong>et</strong></span> <span class='ocrx_word' id='word_1_195' title='bbox 1418 2805 1901 2889; x_wconf 88' lang='lat' dir='ltr'><strong>simplicitatem</strong></span> <span class='ocrx_word' id='word_1_196' title='bbox 1949 2805 2059 2892; x_wconf 91' lang='lat' dir='ltr'>(II,</span> <span class='ocrx_word' id='word_1_197' title='bbox 2101 2804 2205 2868; x_wconf 93' lang='grc'><strong>72.</strong></span> <span class='ocrx_word' id='word_1_198' title='bbox 2250 2803 2395 2867; x_wconf 87' lang='lat'>103.</span> <span class='ocrx_word' id='word_1_199' title='bbox 2442 2801 2566 2866; x_wconf 88' lang='grc'><strong>153</strong></span> <span class='ocrx_word' id='word_1_200' title='bbox 2608 2819 2692 2865; x_wconf 90' lang='grc'><strong>88.</strong></span> 
     </span>
     <span class='ocr_line' id='line_1_23' title="bbox 445 2915 2691 3002; baseline -0 -21"><span class='ocrx_word' id='word_1_201' title='bbox 445 2917 563 3001; x_wconf 92' lang='grc' dir='ltr'><strong>ΠΙ,</strong></span> <span class='ocrx_word' id='word_1_202' title='bbox 593 2918 696 2982; x_wconf 92' lang='grc'><strong>67.</strong></span> <span class='ocrx_word' id='word_1_203' title='bbox 743 2919 864 2983; x_wconf 88' lang='grc'><strong>137</strong></span> <span class='ocrx_word' id='word_1_204' title='bbox 905 2937 991 2983; x_wconf 89' lang='grc'><strong>88.</strong></span> <span class='ocrx_word' id='word_1_205' title='bbox 1048 2919 1194 2983; x_wconf 91' lang='grc'><strong>163.</strong></span> <span class='ocrx_word' id='word_1_206' title='bbox 1237 2919 1367 2983; x_wconf 89' lang='grc'><strong>312</strong></span> <span class='ocrx_word' id='word_1_207' title='bbox 1405 2938 1490 2982; x_wconf 91' lang='grc'><strong>88.</strong></span> <span class='ocrx_word' id='word_1_208' title='bbox 1539 2918 1651 3001; x_wconf 95' lang='lat' dir='ltr'><strong>IV,</strong></span> <span class='ocrx_word' id='word_1_209' title='bbox 1683 2919 1828 2982; x_wconf 89' lang='lat'>103.</span> <span class='ocrx_word' id='word_1_210' title='bbox 1878 2918 1953 3002; x_wconf 92' lang='lat' dir='ltr'><strong>V,</strong></span> <span class='ocrx_word' id='word_1_211' title='bbox 1980 2916 2085 2981; x_wconf 93' lang='grc'><strong>57.</strong></span> <span class='ocrx_word' id='word_1_212' title='bbox 2139 2916 2285 2982; x_wconf 88' lang='grc'><strong>110.</strong></span> <span class='ocrx_word' id='word_1_213' title='bbox 2324 2916 2432 3000; x_wconf 91' lang='lat' dir='ltr'><strong>VI,</strong></span> <span class='ocrx_word' id='word_1_214' title='bbox 2479 2917 2546 2980; x_wconf 92' lang='lat' dir='ltr'><strong>in</strong></span> <span class='ocrx_word' id='word_1_215' title='bbox 2586 2915 2691 2980; x_wconf 91' lang='grc'><strong>45.</strong></span> 
     </span>
     <span class='ocr_line' id='line_1_24' title="bbox 452 3028 2690 3114; baseline 0.001 -23"><span class='ocrx_word' id='word_1_216' title='bbox 452 3029 599 3094; x_wconf 91' lang='grc'><strong>164.</strong></span> <span class='ocrx_word' id='word_1_217' title='bbox 637 3029 786 3094; x_wconf 93' lang='grc'><strong>287.</strong></span> <span class='ocrx_word' id='word_1_218' title='bbox 829 3031 979 3095; x_wconf 91' lang='grc'><strong>346.</strong></span> <span class='ocrx_word' id='word_1_219' title='bbox 1038 3031 1181 3114; x_wconf 95' lang='lat' dir='ltr'>VII,</span> <span class='ocrx_word' id='word_1_220' title='bbox 1223 3032 1347 3095; x_wconf 89' lang='grc'><strong>207</strong></span> <span class='ocrx_word' id='word_1_221' title='bbox 1393 3051 1477 3095; x_wconf 88' lang='grc'><strong>88.</strong></span> <span class='ocrx_word' id='word_1_222' title='bbox 1536 3031 1713 3114; x_wconf 93' lang='lat' dir='ltr'>VIII,</span> <span class='ocrx_word' id='word_1_223' title='bbox 1761 3029 1848 3094; x_wconf 91' lang='lat' dir='ltr'><strong>in.</strong></span> <span class='ocrx_word' id='word_1_224' title='bbox 1900 3030 2003 3094; x_wconf 87' lang='lat'><strong>98.</strong></span> <span class='ocrx_word' id='word_1_225' title='bbox 2062 3029 2178 3113; x_wconf 93' lang='lat' dir='ltr'><strong>XI,</strong></span> <span class='ocrx_word' id='word_1_226' title='bbox 2223 3030 2303 3094; x_wconf 94' lang='grc'><strong>77</strong></span> <span class='ocrx_word' id='word_1_227' title='bbox 2344 3049 2429 3095; x_wconf 90' lang='grc'><strong>88.</strong></span> <span class='ocrx_word' id='word_1_228' title='bbox 2492 3029 2577 3113; x_wconf 93' lang='lat' dir='ltr'><strong>X,</strong></span> <span class='ocrx_word' id='word_1_229' title='bbox 2604 3028 2690 3094; x_wconf 89' lang='grc'><strong>35</strong></span> 
     </span>
     <span class='ocr_line' id='line_1_25' title="bbox 448 3139 2693 3228; baseline 0 -22"><span class='ocrx_word' id='word_1_230' title='bbox 448 3162 533 3207; x_wconf 91' lang='grc'><strong>88.</strong></span> <span class='ocrx_word' id='word_1_231' title='bbox 585 3143 668 3207; x_wconf 93' lang='grc'><strong>78</strong></span> <span class='ocrx_word' id='word_1_232' title='bbox 699 3162 786 3207; x_wconf 91' lang='grc'><strong>88.</strong></span> <span class='ocrx_word' id='word_1_233' title='bbox 835 3143 1019 3228; x_wconf 92' lang='lat' dir='ltr'>XIII,</span> <span class='ocrx_word' id='word_1_234' title='bbox 1047 3143 1150 3208; x_wconf 88' lang='lat'><strong>38.</strong></span> <span class='ocrx_word' id='word_1_235' title='bbox 1191 3163 1276 3208; x_wconf 89' lang='lat' dir='ltr'><strong>ss.</strong></span> <span class='ocrx_word' id='word_1_236' title='bbox 1325 3143 1499 3226; x_wconf 92' lang='lat' dir='ltr'>XIV,</span> <span class='ocrx_word' id='word_1_237' title='bbox 1532 3143 1631 3206; x_wconf 94' lang='grc'><strong>12.</strong></span> <span class='ocrx_word' id='word_1_238' title='bbox 1676 3143 1820 3206; x_wconf 93' lang='grc'><strong>160.</strong></span> <span class='ocrx_word' id='word_1_239' title='bbox 1862 3143 1990 3207; x_wconf 95' lang='grc'><strong>180</strong></span> <span class='ocrx_word' id='word_1_240' title='bbox 2023 3161 2109 3207; x_wconf 92' lang='grc'><strong>88.</strong></span> <span class='ocrx_word' id='word_1_241' title='bbox 2158 3142 2286 3206; x_wconf 87' lang='grc'><strong>239</strong></span> <span class='ocrx_word' id='word_1_242' title='bbox 2326 3139 2461 3228; x_wconf 85' lang='grc'><strong>88.).</strong></span> <span class='ocrx_word' id='word_1_243' title='bbox 2512 3141 2693 3219; x_wconf 84' lang='lat' dir='ltr'><strong>Quae</strong></span> 
     </span>
     <span class='ocr_line' id='line_1_26' title="bbox 450 3254 2694 3340; baseline 0.001 -22"><span class='ocrx_word' id='word_1_244' title='bbox 450 3274 592 3318; x_wconf 92' lang='lat' dir='ltr'><strong>cum</strong></span> <span class='ocrx_word' id='word_1_245' title='bbox 655 3274 976 3337; x_wconf 88' lang='lat' dir='ltr'><strong>nusquam</strong></span> <span class='ocrx_word' id='word_1_246' title='bbox 1038 3255 1169 3320; x_wconf 88' lang='lat' dir='ltr'><strong>nisi</strong></span> <span class='ocrx_word' id='word_1_247' title='bbox 1224 3255 1356 3320; x_wconf 89' lang='lat' dir='ltr'><strong>ruri</strong></span> <span class='ocrx_word' id='word_1_248' title='bbox 1414 3254 1889 3337; x_wconf 88' lang='lat' dir='ltr'><strong>quodammodo</strong></span> <span class='ocrx_word' id='word_1_249' title='bbox 1938 3260 2237 3320; x_wconf 88' lang='lat' dir='ltr'><strong>seruatae</strong></span> <span class='ocrx_word' id='word_1_250' title='bbox 2286 3254 2438 3340; x_wconf 87' lang='lat' dir='ltr'><strong>sint,</strong></span> <span class='ocrx_word' id='word_1_251' title='bbox 2502 3255 2694 3321; x_wconf 90' lang='lat' dir='ltr'><strong>huius</strong></span> 
     </span>
     <span class='ocr_line' id='line_1_27' title="bbox 449 3367 2692 3452; baseline -0 -20"><span class='ocrx_word' id='word_1_252' title='bbox 449 3375 550 3432; x_wconf 88' lang='lat' dir='ltr'><strong>est</strong></span> <span class='ocrx_word' id='word_1_253' title='bbox 595 3367 1100 3452; x_wconf 88' lang='lat' dir='ltr'><strong>amantissimus,</strong></span> <span class='ocrx_word' id='word_1_254' title='bbox 1147 3367 1300 3450; x_wconf 91' lang='lat' dir='ltr'><strong>hoc,</strong></span> <span class='ocrx_word' id='word_1_255' title='bbox 1360 3367 1885 3450; x_wconf 88' lang='lat' dir='ltr'><strong>quotiescumque</strong></span> <span class='ocrx_word' id='word_1_256' title='bbox 1932 3388 2003 3432; x_wconf 89' lang='lat' dir='ltr'><strong>se</strong></span> <span class='ocrx_word' id='word_1_257' title='bbox 2049 3368 2163 3433; x_wconf 89' lang='lat' dir='ltr'><strong>dat</strong></span> <span class='ocrx_word' id='word_1_258' title='bbox 2210 3367 2497 3451; x_wconf 88' lang='lat' dir='ltr'><strong>occasio,</strong></span> <span class='ocrx_word' id='word_1_259' title='bbox 2560 3367 2692 3432; x_wconf 90' lang='lat' dir='ltr'><strong>lau-</strong></span> 
     </span>
     <span class='ocr_line' id='line_1_28' title="bbox 450 3479 2691 3567; baseline 0.001 -23"><span class='ocrx_word' id='word_1_260' title='bbox 450 3479 642 3546; x_wconf 90' lang='lat' dir='ltr'><strong>dibus</strong></span> <span class='ocrx_word' id='word_1_261' title='bbox 669 3481 868 3546; x_wconf 88' lang='lat' dir='ltr'><strong>effert.</strong></span> <span class='ocrx_word' id='word_1_262' title='bbox 921 3482 1067 3567; x_wconf 93' lang='lat' dir='ltr'>(III,</span> <span class='ocrx_word' id='word_1_263' title='bbox 1102 3483 1162 3546; x_wconf 96' lang='grc'><strong>2.</strong></span> <span class='ocrx_word' id='word_1_264' title='bbox 1193 3482 1294 3548; x_wconf 94' lang='grc'><strong>85.</strong></span> <span class='ocrx_word' id='word_1_265' title='bbox 1335 3482 1480 3546; x_wconf 91' lang='grc'><strong>169.</strong></span> <span class='ocrx_word' id='word_1_266' title='bbox 1528 3481 1673 3546; x_wconf 94' lang='grc'><strong>190.</strong></span> <span class='ocrx_word' id='word_1_267' title='bbox 1713 3482 1843 3546; x_wconf 89' lang='grc'><strong>223</strong></span> <span class='ocrx_word' id='word_1_268' title='bbox 1874 3501 1957 3546; x_wconf 90' lang='grc'><strong>88.</strong></span> <span class='ocrx_word' id='word_1_269' title='bbox 1999 3482 2109 3564; x_wconf 85' lang='lat' dir='ltr'><strong>V1,</strong></span> <span class='ocrx_word' id='word_1_270' title='bbox 2137 3481 2241 3546; x_wconf 93' lang='grc'><strong>55.</strong></span> <span class='ocrx_word' id='word_1_271' title='bbox 2290 3482 2407 3564; x_wconf 93' lang='lat' dir='ltr'><strong>XI,</strong></span> <span class='ocrx_word' id='word_1_272' title='bbox 2437 3479 2563 3545; x_wconf 89' lang='lat'><strong>149</strong></span> <span class='ocrx_word' id='word_1_273' title='bbox 2604 3499 2691 3546; x_wconf 92' lang='grc'><strong>88.</strong></span> 
     </span>
     <span class='ocr_line' id='line_1_29' title="bbox 449 3591 2693 3680; baseline 0.001 -25"><span class='ocrx_word' id='word_1_274' title='bbox 449 3593 533 3678; x_wconf 94' lang='lat' dir='ltr'><strong>X,</strong></span> <span class='ocrx_word' id='word_1_275' title='bbox 560 3593 710 3657; x_wconf 92' lang='grc'><strong>299.</strong></span> <span class='ocrx_word' id='word_1_276' title='bbox 759 3594 934 3679; x_wconf 86' lang='lat' dir='ltr'>XIV,</span> <span class='ocrx_word' id='word_1_277' title='bbox 964 3594 1361 3680; x_wconf 87' lang='grc'><strong>166-171.)</strong></span> <span class='ocrx_word' id='word_1_278' title='bbox 1431 3595 1514 3658; x_wconf 86' lang='grc' dir='ltr'><strong>Ε1</strong></span> <span class='ocrx_word' id='word_1_279' title='bbox 1557 3593 1749 3658; x_wconf 85' lang='grc'><strong>11111118</strong></span> <span class='ocrx_word' id='word_1_280' title='bbox 1796 3593 2175 3678; x_wconf 90' lang='lat' dir='ltr'><strong>simplicitas</strong></span> <span class='ocrx_word' id='word_1_281' title='bbox 2209 3591 2693 3673; x_wconf 85' lang='lat' dir='ltr'><strong>amoenitasque</strong></span> 
     </span>
     <span class='ocr_line' id='line_1_30' title="bbox 449 3703 2691 3789; baseline -0.001 -19"><span class='ocrx_word' id='word_1_282' title='bbox 449 3710 514 3770; x_wconf 90' lang='lat' dir='ltr'><strong>et</strong></span> <span class='ocrx_word' id='word_1_283' title='bbox 570 3703 886 3770; x_wconf 86' lang='lat' dir='ltr'><strong>maiorum</strong></span> <span class='ocrx_word' id='word_1_284' title='bbox 942 3706 1148 3770; x_wconf 90' lang='lat' dir='ltr'><strong>uirtus</strong></span> <span class='ocrx_word' id='word_1_285' title='bbox 1210 3706 1466 3772; x_wconf 85' lang='lat' dir='ltr'><strong>unicum</strong></span> <span class='ocrx_word' id='word_1_286' title='bbox 1515 3713 1665 3771; x_wconf 88' lang='lat' dir='ltr'><strong>sunt</strong></span> <span class='ocrx_word' id='word_1_287' title='bbox 1711 3705 2043 3789; x_wconf 91' lang='lat' dir='ltr'><strong>solacium,</strong></span> <span class='ocrx_word' id='word_1_288' title='bbox 2114 3705 2305 3770; x_wconf 88' lang='lat' dir='ltr'><strong>unica</strong></span> <span class='ocrx_word' id='word_1_289' title='bbox 2349 3705 2477 3789; x_wconf 85' lang='lat' dir='ltr'><strong>lux,</strong></span> <span class='ocrx_word' id='word_1_290' title='bbox 2525 3723 2691 3786; x_wconf 87' lang='lat' dir='ltr'><strong>quae</strong></span> 
     </span>
     <span class='ocr_line' id='line_1_31' title="bbox 447 3815 2694 3904; baseline -0.001 -22"><span class='ocrx_word' id='word_1_291' title='bbox 447 3817 891 3903; x_wconf 87' lang='lat' dir='ltr'><strong>desperationi</strong></span> <span class='ocrx_word' id='word_1_292' title='bbox 935 3817 1283 3902; x_wconf 91' lang='lat' dir='ltr'><strong>quenalis,</strong></span> <span class='ocrx_word' id='word_1_293' title='bbox 1348 3817 1471 3901; x_wconf 91' lang='lat' dir='ltr'><strong>cui,</strong></span> <span class='ocrx_word' id='word_1_294' title='bbox 1534 3816 1883 3904; x_wconf 84' lang='lat' dir='ltr'><strong>„nobilitas</strong></span> <span class='ocrx_word' id='word_1_295' title='bbox 1932 3817 2071 3882; x_wconf 89' lang='lat' dir='ltr'><strong>sola</strong></span> <span class='ocrx_word' id='word_1_296' title='bbox 2118 3824 2218 3883; x_wconf 90' lang='lat' dir='ltr'><strong>est</strong></span> <span class='ocrx_word' id='word_1_297' title='bbox 2262 3823 2455 3898; x_wconf 88' lang='lat' dir='ltr'><strong>atque</strong></span> <span class='ocrx_word' id='word_1_298' title='bbox 2501 3815 2694 3880; x_wconf 89' lang='lat' dir='ltr'><strong>unica</strong></span> 
     </span>
     <span class='ocr_line' id='line_1_32' title="bbox 452 3927 2691 4016; baseline -0.001 -21"><span class='ocrx_word' id='word_1_299' title='bbox 452 3928 696 3996; x_wconf 86' lang='lat' dir='ltr'><strong>uirtus“</strong></span> <span class='ocrx_word' id='word_1_300' title='bbox 765 3928 970 4016; x_wconf 91' lang='lat' dir='ltr'>(VIII,</span> <span class='ocrx_word' id='word_1_301' title='bbox 1007 3928 1143 4015; x_wconf 90' lang='grc'><strong>20),</strong></span> <span class='ocrx_word' id='word_1_302' title='bbox 1203 3928 1306 3993; x_wconf 87' lang='grc'><strong>8111</strong></span> <span class='ocrx_word' id='word_1_303' title='bbox 1367 3927 1506 3993; x_wconf 90' lang='lat' dir='ltr'><strong>uita</strong></span> <span class='ocrx_word' id='word_1_304' title='bbox 1567 3928 1709 3994; x_wconf 89' lang='lat' dir='ltr'><strong>sine</strong></span> <span class='ocrx_word' id='word_1_305' title='bbox 1765 3927 2003 3993; x_wconf 84' lang='lat' dir='ltr'><strong>uirtute</strong></span> <span class='ocrx_word' id='word_1_306' title='bbox 2062 3929 2298 3994; x_wconf 91' lang='lat' dir='ltr'><strong>nullius</strong></span> <span class='ocrx_word' id='word_1_307' title='bbox 2356 3934 2455 3994; x_wconf 90' lang='lat' dir='ltr'><strong>est</strong></span> <span class='ocrx_word' id='word_1_308' title='bbox 2500 3927 2691 4013; x_wconf 90' lang='lat' dir='ltr'><strong>pretii</strong></span> 
     </span>
     <span class='ocr_line' id='line_1_33' title="bbox 452 4041 2689 4131; baseline -0.002 -21"><span class='ocrx_word' id='word_1_309' title='bbox 452 4045 657 4131; x_wconf 87' lang='lat' dir='ltr'>(VIII,</span> <span class='ocrx_word' id='word_1_310' title='bbox 699 4043 804 4128; x_wconf 89' lang='grc'><strong>84,</strong></span> <span class='ocrx_word' id='word_1_311' title='bbox 846 4043 907 4108; x_wconf 92' lang='grc'><strong>5.</strong></span> <span class='ocrx_word' id='word_1_312' title='bbox 954 4043 1038 4128; x_wconf 90' lang='grc' dir='ltr'><strong>Χ,</strong></span> <span class='ocrx_word' id='word_1_313' title='bbox 1073 4041 1198 4106; x_wconf 91' lang='grc'><strong>357</strong></span> <span class='ocrx_word' id='word_1_314' title='bbox 1240 4041 1377 4128; x_wconf 87' lang='grc'><strong>88.),</strong></span> <span class='ocrx_word' id='word_1_315' title='bbox 1425 4041 1691 4124; x_wconf 85' lang='lat' dir='ltr'><strong>affulget</strong></span> <span class='ocrx_word' id='word_1_316' title='bbox 1734 4041 1901 4107; x_wconf 89' lang='lat' dir='ltr'><strong>inter</strong></span> <span class='ocrx_word' id='word_1_317' title='bbox 1946 4042 2331 4109; x_wconf 88' lang='lat' dir='ltr'><strong>immensam</strong></span> <span class='ocrx_word' id='word_1_318' title='bbox 2378 4042 2689 4108; x_wconf 90' lang='lat' dir='ltr'><strong>scelerum</strong></span> 
     </span>
     <span class='ocr_line' id='line_1_34' title="bbox 449 4153 2689 4241; baseline 0 -21"><span class='ocrx_word' id='word_1_319' title='bbox 449 4156 602 4241; x_wconf 89' lang='lat' dir='ltr'><strong>uim,</strong></span> <span class='ocrx_word' id='word_1_320' title='bbox 650 4176 731 4221; x_wconf 84' lang='lat' dir='ltr'><strong>ex</strong></span> <span class='ocrx_word' id='word_1_321' title='bbox 775 4175 906 4238; x_wconf 90' lang='lat' dir='ltr'><strong>qua</strong></span> <span class='ocrx_word' id='word_1_322' title='bbox 949 4173 1310 4222; x_wconf 87' lang='lat' dir='ltr'><strong>emersuros</strong></span> <span class='ocrx_word' id='word_1_323' title='bbox 1356 4175 1486 4219; x_wconf 89' lang='lat' dir='ltr'><strong>non</strong></span> <span class='ocrx_word' id='word_1_324' title='bbox 1526 4173 1673 4220; x_wconf 89' lang='lat' dir='ltr'><strong>esse</strong></span> <span class='ocrx_word' id='word_1_325' title='bbox 1710 4153 2005 4218; x_wconf 91' lang='lat' dir='ltr'><strong>homines</strong></span> <span class='ocrx_word' id='word_1_326' title='bbox 2039 4173 2419 4238; x_wconf 87' lang='lat' dir='ltr'><strong>persuasum</strong></span> <span class='ocrx_word' id='word_1_327' title='bbox 2465 4153 2526 4220; x_wconf 92' lang='lat' dir='ltr'><strong>ei</strong></span> <span class='ocrx_word' id='word_1_328' title='bbox 2572 4159 2689 4220; x_wconf 90' lang='lat' dir='ltr'><strong>est.</strong></span> 
     </span>
    </p>
   </div>
  </div>
 </body>
</html>
