3284 4792
1421 369 1866 434 -10-

524 553 688 638 licie,
737 552 847 636 qui
895 551 1195 618 uixerunt
1239 573 1355 638 per
1379 552 1651 619 liberam
1677 555 2108 618 Romanorum
2147 551 2609 637 rempublicam
2656 553 2763 619 de·

523 672 858 752 monstrat,
930 668 1418 751 congruentiam
1490 667 1669 732 illam
1731 674 2111 732 accentuum
2172 665 2239 732 in
2284 666 2413 732 fine
2459 684 2762 732 uersuum

525 780 821 862 quamuis
867 787 1098 846 natura
1143 788 1448 847 accentus
1493 782 1758 864 linguae
1802 782 2045 847 latinae
2095 781 2410 864 effectam,
2459 787 2674 846 tamen
2722 801 2763 844 a

525 892 801 974 singulis
847 893 1058 977 poetis
1104 893 1250 978 plus
1296 894 1592 960 minusue
1640 915 1785 960 esse
1832 894 2207 979 appetitam.
2300 892 2430 958 Sed
2478 897 2765 976 exparte

525 1011 773 1070 tantum
835 1007 1280 1087 quaestionem
1355 1007 1567 1092 soluit,
1650 1027 1792 1073 cum
1854 1008 1922 1071 in
1984 1007 2120 1072 solo
2178 1005 2344 1090 pede
2402 1006 2457 1071 V
2520 1004 2602 1070 de
2664 1025 2763 1069 ac-

527 1123 827 1182 centuum
875 1119 1298 1200 congruentia
1346 1125 1701 1204 quaereret,
1750 1139 1957 1202 neque
2005 1139 2170 1202 quae
2223 1117 2310 1183 sit
2362 1118 2527 1184 ratio
2576 1117 2765 1183 huius

528 1231 987 1314 congruentiae
1043 1231 1111 1296 in
1170 1232 1260 1297 VI
1312 1232 1500 1316 pede.
1593 1233 1670 1296 In
1717 1233 1775 1298 V
1822 1237 2035 1297 autem
2093 1231 2258 1316 pede
2318 1230 2512 1296 Ennii
2571 1230 2765 1296 hexa-

527 1352 894 1430 metrorum,
956 1346 1066 1429 qui
1122 1347 1312 1412 nobis
1376 1346 1619 1411 seruati
1668 1352 1834 1430 sunt,
1895 1345 2279 1428 nigesimam
2325 1350 2597 1429 partem,
2644 1345 2767 1408 Lu-

530 1460 662 1524 cilii
725 1461 1288 1544 quadragesimam
1358 1467 1682 1544 quartam,
1752 1459 2037 1524 Lucretii
2100 1457 2607 1524 ducentesimam
2660 1457 2767 1521 tri-

530 1572 855 1658 cesimam,
898 1573 1152 1657 Catulli,
1198 1574 1379 1638 cuius
1417 1592 1642 1638 uersus
1684 1571 1943 1637 omnino
1969 1571 2098 1636 sint
2122 1570 2482 1653 antiquiore
2520 1568 2766 1652 habitu,

531 1686 1134 1768 quinquagesimam
1195 1705 1453 1770 nonam,
1520 1684 1787 1766 Vergilii
1844 1703 2065 1748 rursus
2122 1681 2630 1747 ducentesimam
2677 1681 2769 1745 ui-

533 1798 846 1881 gesimam
895 1798 1257 1883 septimam,
1307 1797 1528 1863 Ouidii
1578 1803 1811 1880 autem,
1861 1796 2043 1861 cuius
2068 1807 2369 1860 uersuum
2394 1795 2769 1880 pangendo-

531 1930 671 1975 rum
719 1930 826 1976 ars
885 1910 970 1975 sit
1032 1929 1308 1993 summa,
1375 1909 1910 1975 sexcentesimam
1961 1908 2369 1974 undecimam
2428 1914 2771 1978 acentuum

533 2024 956 2106 congruentia
1026 2043 1243 2089 carere
1319 2022 1619 2088 ostendit.
1727 2020 1913 2099 Quod
1974 2021 2207 2087 attinet
2266 2020 2351 2085 ad
2411 2021 2770 2106 Horatium,

531 2137 844 2221 Persium,
891 2136 1263 2202 quenalem
1311 2136 1628 2220 satiricOS,
1677 2136 1983 2200 Horatius
2030 2136 2098 2200 in
2138 2135 2405 2202 Sermm.
2457 2135 2560 2200 uel
2605 2135 2774 2201 ultra

533 2250 848 2314 Lucilium
887 2250 955 2314 in
997 2249 1420 2332 congruentia
1459 2249 1573 2313 illa
1611 2257 1762 2314 ante
1803 2268 2137 2314 caesuram
2169 2249 2335 2313 XIII
2366 2247 2774 2331 neglegenda

533 2361 795 2447 recedit,
856 2363 1118 2429 Persius
1180 2368 1243 2428 et
1305 2361 1502 2426 multo
1567 2362 1781 2444 magis
1838 2361 2169 2428 quenalis
2215 2361 2492 2444 Vergilii
2536 2360 2775 2426 rationi

533 2475 1073 2559 appropinquant.
1177 2475 1483 2540 Horatius
1542 2462 1714 2540 enim
1777 2493 1919 2538 cum
1980 2473 2048 2538 in
2108 2473 2376 2539 Sermm.
2440 2493 2772 2539 caesuram

532 2590 697 2653 XIII
741 2590 1084 2656 trecenties
1129 2588 1347 2655 tricies
1385 2589 1727 2670 quinquies
1761 2588 2115 2673 admiserit,
2163 2589 2247 2654 86
2287 2588 2512 2653 harum
2557 2607 2774 2652 caesu-

531 2721 746 2766 rarum
790 2701 1024 2787 pedem
1059 2703 1114 2768 V
1153 2708 1531 2767 accentuum
1581 2701 2001 2783 congruentia
2044 2700 2307 2785 priuant
2322 2699 2391 2787 1).
2465 2703 2541 2765 In
2584 2701 2774 2786 Epp.,

535 2815 776 2900 quippe
837 2834 1106 2897 quarum
1185 2834 1318 2879 rem
1390 2814 1725 2880 metricam
1806 2815 2065 2879 omnino
2125 2814 2367 2880 maiore
2436 2814 2777 2897 diligentia

535 2927 930 3011 tractauerit,
987 2927 1155 2992 inter
1205 2928 1326 2992 191
1379 2945 1683 3019 caesura-s
1740 2927 1905 2992 XIII
1952 2928 2036 2991 36
2095 2934 2343 2992 tantum
2398 2934 2775 2994 accentuum

539 3040 1026 3122 congruentiam
1085 3041 1334 3106 tollunt.
1425 3039 1688 3104 Persius
1733 3039 1928 3122 paulo
1985 3038 2358 3121 diligentior
2416 3044 2517 3105 est
2559 3040 2628 3104 in
2675 3061 2777 3105 ac-

539 3161 837 3222 centuum
896 3155 1339 3240 discrepantia
1401 3153 1728 3237 euitanda,
1790 3171 1934 3217 cum
1996 3152 2063 3218 in
2121 3152 2207 3218 35
2269 3152 2601 3238 uersibus,
2666 3154 2778 3236 qui

539 3288 874 3334 caesuram
933 3268 1176 3334 habent
1229 3267 1412 3352 XIII,
1469 3266 1687 3332 decies
1748 3271 1998 3332 tantum
2061 3285 2204 3330 eam
2264 3265 2585 3332 admittat.
2678 3268 2778 3331 Iu-

539 3382 791 3449 uenalis
838 3388 1054 3448 autem
1101 3402 1231 3446 non
1277 3380 1556 3465 amplius
1604 3380 1692 3444 24
1721 3398 1947 3444 uersus
1994 3399 2137 3444 eam
2177 3380 2510 3464 praebent,
2560 3400 2778 3463 quam-

539 3518 732 3582 quam
779 3497 908 3561 232
956 3515 1259 3562 caesuras
1305 3495 1463 3560 XlII
1509 3494 1811 3560 admittit.
1881 3494 2109 3576 Itaque
2155 3493 2277 3558 hoc
2312 3493 2506 3558 modo
2554 3514 2777 3559 accen-

691 3694 729 3764 ¹)
768 3692 901 3747 Tria
939 3692 1084 3747 enim
1125 3697 1258 3747 sunt
1295 3708 1506 3760 genera
1541 3691 1710 3746 huius
1750 3707 2036 3746 caesurae.
2104 3692 2313 3745 Partim
2352 3689 2776 3760 congruentiam

543 3788 876 3839 accentuum
910 3786 1158 3850 seruant,
1197 3781 1350 3851 quod
1386 3779 1451 3834 fit
1479 3786 1579 3834 aut
1604 3795 1692 3849 ec,
1718 3781 1869 3849 quod
1901 3779 2059 3835 elisio
2091 3781 2185 3834 uel
2215 3778 2562 3850 synaloephe
2594 3779 2777 3833 locum

542 3873 717 3928 habet
792 3872 910 3942 (utz
979 3872 1090 3925 Nil
1168 3871 1346 3926 satis
1411 3875 1545 3939 est,
1612 3871 1877 3939 inquit,
1937 3869 2103 3938 quia
2159 3869 2371 3933 tanti,
2441 3873 2779 3937 quantum

543 3962 847 4029 habeas,
886 3961 944 4016 si
969 3959 1020 4031 s)
1060 3965 1160 4014 aut
1197 3975 1284 4028 e0,
1325 3959 1479 4028 quod
1517 3958 1967 4029 monosyllabum
2018 3963 2147 4012 ante
2195 3973 2485 4012 caesuram
2531 3957 2780 4026 positum

545 4056 636 4108 est
688 4052 809 4123 (utz
876 4049 1206 4104 Fasidius
1267 4064 1549 4116 vappae
1618 4046 1868 4102 famam
1936 4047 2141 4102 timet
2208 4063 2285 4102 ac
2350 4044 2779 4116 nebulonis),

544 4142 767 4210 partim,
807 4155 929 4194 cum
968 4137 1388 4208 polysyllabum
1427 4138 1733 4206 antecedit,
1771 4135 2200 4205 congruentiam
2239 4136 2431 4190 delent
2478 4135 2591 4206 (utz
2630 4135 2779 4189 Non

547 4245 674 4298 ego
714 4244 1002 4297 namque
1034 4226 1422 4296 parabilem
1455 4243 1602 4280 amo
1637 4242 1966 4281 venerem
1998 4223 2474 4296 facilemque)
2504 4241 2558 4279 v.
2586 4223 2779 4279 Kocks

545 4317 656 4374 1.1.
