3284 4792
1387 353 1829 418 „29—

481 539 712 625 potuit,
771 559 968 603 unum
1025 543 1273 603 tantum
1319 557 1483 622 esse,
1545 557 1671 620 quo
1717 541 1961 604 Romae
2006 538 2135 603 tale
2181 544 2531 604 monstrum
2580 538 2716 602 uin-

485 658 766 717 ceretur:
816 649 1135 714 fuscinam
1185 650 1482 715 Gracchi.
1567 650 1969 735 Compluries,
2012 651 2080 714 in
2128 649 2249 715 hoc
2293 671 2540 715 morum
2588 671 2719 716 cor-

483 770 818 849 ruptorum
881 763 1137 845 signum
1197 762 1523 828 inuehitur
1577 770 1640 827 et
1697 782 2013 827 summum
2070 762 2351 828 dedecus
2410 783 2555 828 eum
2610 763 2720 828 ha-

486 878 728 962 buisse,
771 879 1131 942 Romanum
1153 876 1355 940 nobili
1383 896 1616 957 genere
1640 883 1860 940 natum
1886 876 1979 941 rei
2006 875 2433 958 gladiatoriae
2459 896 2721 961 operam

485 990 643 1055 dare
689 990 866 1072 VIII,
897 989 1022 1053 199
1063 1007 1150 1052 ss.
1199 987 1564 1052 ostendunt.
1657 987 1933 1053 Omnino
1982 988 2247 1054 huiusce
2291 988 2417 1052 loci
2462 987 2722 1054 habitus

486 1109 823 1186 tantopere
888 1100 973 1166 ad
1046 1101 1249 1165 nostri
1327 1100 1811 1165 similitudinem
1871 1099 2141 1184 accedit,
2225 1108 2292 1165 ut
2354 1099 2495 1185 ipse
2565 1100 2723 1164 nulli

488 1215 836 1299 suspitioni
897 1214 1218 1280 obnoxius
1287 1214 1405 1279 hos
1467 1234 1721 1296 quoque
1780 1232 2005 1279 uersus
2063 1213 2357 1279 quenali
2418 1214 2720 1280 uindicet.

489 1326 570 1393 cf.
620 1327 815 1393 etiam
860 1329 969 1412 VI,
1016 1327 1382 1392 133—135.
1477 1327 1606 1391 Cur
1651 1327 1767 1410 III,
1819 1326 1977 1391 104:

765 1455 877 1494 non
916 1456 1111 1494 sumus
1149 1455 1284 1507 ergo
1323 1455 1520 1506 pares:
1571 1437 1766 1491 melior
1804 1438 1898 1507 qui
1938 1454 2163 1506 semper
2197 1442 2256 1492 et
2292 1438 2440 1493 omni

489 1554 673 1616 uncis
719 1552 1275 1635 circumclusisset,
1324 1551 1398 1644 Ο..
1448 1551 1735 1634 Iahnius,
1784 1571 1926 1615 cum
1966 1558 2119 1616 ante
2157 1571 2393 1616 annum
2444 1558 2561 1616 sat.
2601 1553 2726 1617 VII

492 1664 1039 1748 interpretaretur,
1087 1663 1472 1728 firmissimis
1520 1663 1917 1745 argumentis
1958 1663 2445 1730 demonstrauit.
2536 1665 2725 1730 Prae-

492 1783 781 1858 terquam
834 1777 1039 1859 enim,
1111 1776 1283 1858 quod
1331 1777 1435 1841 hic
1484 1797 1709 1842 uersus
1755 1784 1956 1842 totam
2005 1776 2307 1843 Graeculi
2352 1777 2726 1864 descriptio-

493 1911 640 1954 nem
702 1891 896 1974 plane
956 1890 1396 1975 interrumpit,
1461 1910 1618 1956 usus
1665 1889 1927 1973 linguae
1972 1889 2247 1957 Latinae
2291 1897 2471 1957 uetat
2518 1892 2726 1956 omni

494 2003 737 2088 apponi
784 2002 870 2068 ad
916 2008 1155 2069 nocte
1201 2003 1482 2086 dieque
1529 2010 1593 2068 et
1636 2002 2093 2068 molestissime
2140 2003 2225 2067 ad
2264 2003 2425 2069 haec
2464 2002 2729 2088 insuper

494 2137 815 2201 semper
862 2116 1133 2182 accedit.
1226 2119 1370 2183 Non
1419 2123 1518 2182 est
1563 2116 1849 2201 dubium,
1919 2116 2073 2198 quin
2121 2115 2447 2199 glossema
2492 2117 2577 2182 sit
2623 2116 2728 2182 hic

491 2250 738 2296 uersus.
785 2269 875 2278 --
921 2231 1146 2312 Neque
1191 2229 1482 2294 eiusdem
1526 2229 1766 2294 satirae
1812 2249 1872 2294 u.
1925 2231 2084 2294 113:

793 2341 936 2398 scire
974 2341 1175 2396 uolunt
1211 2343 1432 2396 secreta
1469 2341 1670 2395 domus
1710 2345 1883 2410 atquc
1919 2341 2050 2396 inde
2086 2340 2287 2396 timeri.

499 2475 689 2538 quem
747 2456 878 2521 iam
924 2455 1147 2538 Pinzg.
1213 2462 1278 2520 et
1324 2454 1543 2520 Heinr.
1607 2460 1678 2519 ut
1724 2456 2183 2521 monachorum
2230 2456 2727 2540 explicationem

499 2567 796 2632 lectionis
866 2568 1134 2633 aulam
1207 2589 1265 2633 u.
1344 2570 1468 2632 112
1536 2568 1894 2654 eiecerunt,
1979 2570 2241 2637 retineri
2300 2589 2496 2655 posse
2551 2576 2727 2655 puto,

505 2680 576 2744 Si
640 2681 942 2764 auiam,
1006 2681 1176 2762 quod
1225 2701 1418 2744 unum
1469 2688 1711 2745 rectum
1771 2701 1915 2746 esse
1972 2702 2161 2746 nemo
2206 2703 2333 2746 non
2378 2681 2730 2766 intelleget,

501 2792 933 2876 restituimuS,
984 2813 1042 2856 u.
1098 2794 1221 2857 113
1270 2793 1478 2856 locum
1541 2792 1781 2858 habere
1843 2794 2083 2875 nequit.
2154 2794 2313 2860 Inde
2359 2795 2442 2860 ab
2491 2814 2552 2859 u.
2604 2794 2733 2858 100

498 2924 701 2986 usque
759 2905 847 2969 ad
906 2925 964 2969 u.
1027 2905 1152 2969 118
1210 2905 1545 2989 paullatim
1605 2928 1647 2971 a
1700 2905 2057 2972 minoribus
2118 2906 2297 2984 uitiis
2354 2905 2441 2971 ad
2485 2905 2735 2970 maiora

500 3037 606 3083 res
667 3016 1107 3101 progreditur,
1172 3017 1332 3082 haec
1390 3024 1606 3081 autem
1665 3017 1961 3100 gradatio
2024 3038 2085 3082 u.
2138 3020 2265 3084 113
2311 3017 2500 3084 foede
2544 3019 2735 3084 inter·

497 3129 832 3214 rumpitur.
947 3131 1170 3211 Neque
1253 3128 1759 3213 transpositione
1828 3149 1973 3194 eum
2041 3130 2333 3195 quenali
2401 3128 2734 3196 uindicare

499 3263 866 3328 possumus,
915 3263 1059 3306 cum
1105 3241 1268 3306 haec
1304 3248 1441 3306 tota
1482 3240 1938 3306 Graeculorum
1986 3241 2336 3326 descriptio
2385 3242 2546 3306 satis
2594 3241 2735 3306 dili-

497 3364 723 3440 genter
767 3356 1108 3438 multisque
1139 3355 1357 3421 uerbis
1391 3354 1793 3438 instituatur,
1862 3362 1931 3418 ut
1965 3354 2463 3436 unumquodque
2499 3355 2731 3420 uitium

499 3470 792 3556 pluribus
846 3469 1142 3536 uersibus
1203 3474 1530 3545 tractetur,
1595 3466 2031 3531 curiositatem
2078 3475 2291 3533 autem
2340 3486 2557 3532 eorum
2609 3488 2737 3531 uno

499 3602 694 3648 uersu
752 3587 1122 3648 contentam
1185 3599 1328 3645 esse
1393 3586 1733 3664 oporteret.
1829 3579 1955 3643 Cur
2014 3587 2230 3644 autem
2289 3581 2475 3645 Ribb.
2540 3581 2735 3646 etiam

502 3716 560 3760 u.
616 3695 771 3760 114:

929 3810 989 3859 et
1027 3804 1289 3874 quoniam
1328 3805 1518 3872 coepit
1557 3803 1901 3858 Graecorum
1940 3805 2168 3873 mentiO,

500 3924 738 4006 eiiciat,
813 3943 1076 3989 causam
1123 3943 1253 3986 non
1302 3922 1511 3987 uideo,
1584 3921 1825 4007 coepi
1901 3922 2165 4004 quidem
2234 3923 2534 4008 perfecti,
2606 3945 2733 3987 non

503 4033 865 4120 praesentis
924 4034 1250 4098 notionem
1311 4040 1376 4097 et
1433 4035 1619 4098 Lucr.
1686 4035 1760 4118 V,
1826 4034 1997 4098 1415
2044 4041 2108 4099 et
2154 4035 2327 4119 apud
2375 4036 2540 4102 alios
2588 4037 2736 4100 scri-

503 4156 723 4234 ptores
769 4184 858 4192 —-
901 4145 1180 4210 fortasse
1228 4147 1366 4208 qu.
1415 4145 1522 4229 VI,
1562 4146 1712 4210 434.
1773 4145 1897 4209 huc
1968 4146 2244 4230 pertinet
2290 4185 2377 4192 -—-
2421 4145 2738 4210 interdum

505 4261 762 4343 habere,
810 4265 1029 4323 notum
1080 4264 1195 4322 est.
