3284 4792
1510 363 1955 428 ...32-

1107 546 1394 617 poscimus
1432 549 1498 600 ut
1532 563 1701 602 cenes
1739 546 1995 615 ciuiliter,
2035 546 2143 602 hoc
2178 545 2303 604 face
2342 551 2402 602 et
2438 550 2583 615 esto,

1109 647 1254 711 est0‚
1292 645 1356 695 ut
1391 657 1538 696 nunc
1575 641 1750 710 multi,
1790 641 1953 697 diues
1992 642 2112 710 tibi,
2149 658 2369 711 pauper
2407 637 2653 699 amicis.“

611 756 773 818 quos
819 756 1046 802 uersus
1093 738 1301 823 primo
1350 739 1572 803 obtuto
1634 738 1962 821 glossema
2024 759 2169 804 esse
2224 746 2443 825 putee,
2506 739 2635 824 ipsi
2690 738 2843 803 huic

609 849 850 915 satirae
897 829 1305 935 aptissimum
1369 852 1557 934 quasi
1627 852 1991 937 episodium
2049 859 2216 918 sunt.
2319 853 2607 918 Maxima
2671 852 2843 917 enim

608 961 749 1028 eius
794 982 947 1046 pars
995 985 1138 1029 cum
1184 964 1251 1029 in
1299 963 1754 1030 enumerandis
1803 964 2102 1030 omnibus
2160 965 2257 1030 eis
2306 972 2626 1050 uersetur,
2677 984 2843 1046 quae

608 1097 725 1162 per
779 1098 1003 1164 cenam
1060 1098 1412 1163 pauperem
1469 1078 1768 1144 clientem
1830 1101 1871 1144 a
1916 1079 2189 1144 Virrone
2254 1080 2455 1145 diuite
2514 1086 2839 1164 separant,

610 1190 814 1254 oratio
863 1209 990 1254 uno
1039 1210 1292 1275 semper
1337 1197 1561 1255 tenore
1597 1191 2021 1275 progrediens
2046 1211 2510 1274 quemcumque
2536 1193 2840 1258 lectorem

609 1301 1026 1385 defatigaret,
1096 1302 1225 1366 nisi
1286 1301 1606 1367 interdum
1681 1302 1987 1374 breuibus
2048 1303 2461 1368 deuerticulis
2509 1305 2841 1370 interrum-

607 1421 884 1499 peretur.
978 1414 1222 1479 Eodem
1270 1414 1460 1478 modo
1509 1422 1628 1479 sat.
1678 1415 1776 1480 XI
1822 1435 2075 1498 quoque
2122 1416 2408 1481 ciborum
2464 1437 2840 1482 enumeran-

607 1529 834 1592 ‹lorum
877 1526 1242 1591 molestiam
1291 1525 1556 1591 deuitat.
1649 1528 1725 1590 In
1770 1533 1995 1592 nostra
2041 1527 2246 1593 satira
2289 1528 2452 1593 tales
2500 1536 2649 1594 sunt
2712 1527 2838 1593 loci

608 1641 890 1704 26—29.
939 1641 975 1704 7
983 1641 1154 1704 2-7
1163 1640 1223 1704 9.
1276 1639 1642 1705 132—145.
1735 1641 1875 1705 Iam
1923 1660 2122 1726 supra
2167 1648 2237 1706 ut
2281 1641 2656 1707 quenalem
2702 1660 2840 1706 sae-

607 1752 755 1838 pius
805 1771 919 1818 eos
963 1751 1279 1836 homines»,
1329 1751 1410 1818 de
1457 1752 1692 1834 quibus
1740 1773 1885 1817 cum
1931 1753 2211 1818 maxime
2260 1773 2470 1819 sermo
2518 1759 2634 1838 est,
2682 1753 2833 1818 allo-

607 1864 718 1947 qui
780 1863 1296 1948 ostenderemus,
1358 1864 1718 1949 complures
1771 1865 1949 1930 locos
2006 1866 2413 1950 collegimus,
2463 1887 2544 1932 ex
2605 1865 2839 1948 quibus

605 1979 780 2063 XIV,
830 1979 961 2042 210
1008 1997 1093 2042 ss,
1141 1996 1405 2061 prorsus
1453 1977 1538 2041 ad
1583 1976 1811 2041 horum
1857 1997 1961 2042 uu.
2021 1977 2508 2043 similitudinem
2566 1976 2836 2042 accedit.

608 2091 710 2156 Ad
780 2097 952 2157 esto
1022 2112 1082 2156 u.
1148 2091 1275 2155 113
1341 2090 1686 2175 repetitum
1756 2091 2088 2175 complura
2156 2090 2474 2156 eiusmodi
2542 2090 2841 2175 exempla

607 2204 824 2270 afferri
862 2209 1153 2289 possunt.
1224 2202 1503 2288 Saepius
1538 2202 1709 2272 enim
1733 2204 1870 2268 qu.
1908 2202 2385 2268 uehementiore
2426 2201 2627 2267 animi
2660 2207 2839 2266 motu

609 2316 915 2382 incitatus
963 2316 1258 2399 uerbum,
1322 2315 1493 2397 quod
1542 2321 1827 2379 extremo
1886 2334 2078 2380 uersu
2133 2321 2454 2400 posuerat,
2504 2314 2838 2396 sequentis

611 2429 796 2494 initio
842 2427 1096 2513 repetit.
1145 2447 1206 2492 u.
1255 2428 1340 2511 II,
1393 2427 1539 2492 135.
1590 2429 1700 2512 VI,
1749 2428 1853 2492 34.
1907 2429 2052 2492 166.
2103 2429 2251 2492 279.
2300 2427 2476 2511 VIII,
2528 2427 2649 2491 147
2718 2432 2839 2492 etc.

648 2540 716 2609 V,
759 2539 1063 2593 161—165:
1103 2543 1164 2591 tu
1203 2537 1304 2592 tibi
1341 2538 1483 2593 liber
1522 2539 1687 2592 homo
1729 2544 1787 2592 et
1823 2539 1974 2608 regis
2015 2539 2255 2593 conuiua
2292 2538 2529 2607 uideris;

1108 2637 1333 2700 captum
1370 2636 1428 2686 te
1464 2632 1662 2686 nidore
1701 2633 1839 2687 suae
1877 2637 2043 2701 putat
2077 2633 2169 2687 ille
2206 2634 2441 2702 culinae,

1103 2743 1208 2782 nec
1243 2728 1388 2782 male
1426 2728 1723 2782 coniectat.
1765 2728 1893 2797 quis
1932 2727 2076 2782 enim
2113 2732 2229 2782 tam
2267 2729 2470 2797 nudus,
2507 2731 2573 2781 ut
2608 2727 2758 2781 illum

1102 2820 1192 2877 bis
1229 2819 1395 2891 ferat,
1433 2823 1735 2878 Etruscum
1772 2838 1951 2892 puero
1991 2823 2040 2878 si
2078 2821 2316 2891 contigit
2352 2839 2549 2878 aurum

1104 2917 1199 2970 uel
1234 2916 1418 2972 nodus
1454 2921 1672 2972 tantum
1708 2922 1768 2972 et
1803 2917 2025 2988 signum
2065 2917 2135 2971 de
2173 2933 2425 2986 paupere
2464 2916 2621 2972 loro?

604 3049 734 3093 non
788 3027 1000 3112 magis
1046 3048 1238 3112 quam
1285 3030 1428 3113 VII,
1478 3030 1581 3112 88,
1631 3032 1691 3094 9.
1748 3031 1889 3095 181.
1939 3031 2114 3114 VIII,
2166 3030 2312 3094 134.
2366 3030 2511 3094 194.
2559 3031 2677 3114 IX,
2726 3031 2830 3095 29.

607 3143 691 3206 99
751 3162 800 3206 S.
851 3141 997 3227 (nec
1044 3181 1129 3188 —
1179 3141 1440 3228 opibus)
1492 3163 1633 3206 cum
1685 3142 1874 3207 Ribb.
1934 3141 2236 3206 eiiciendi
2294 3148 2461 3206 sunt.
2555 3141 2833 3206 Omnino

606 3253 954 3339 permultos
1004 3255 1140 3318 qu.
1191 3253 1366 3318 locos
1424 3253 1719 3321 uersibus
1776 3253 2101 3318 nonnullis
2161 3252 2419 3318 omissis
2480 3252 2831 3319 strictiores

605 3366 742 3431 fieri
786 3386 1000 3450 posse,
1048 3386 1129 3430 ex
1175 3364 1324 3429 stilo
1373 3365 1511 3429 eius
1555 3363 1749 3430 facile
1798 3372 2086 3451 apparet.
2160 3365 2323 3430 Nam
2366 3362 2661 3427 omnibus
2694 3362 2830 3428 fere

604 3481 701 3546 eis
745 3479 927 3563 locis,
974 3499 1134 3561 quos
1183 3499 1326 3543 cum
1374 3478 1440 3542 ui
1485 3478 1887 3562 pronuntiat,
1936 3478 2171 3559 quique
2218 3477 2392 3561 apud
2453 3475 2619 3541 alios
2677 3475 2829 3540 scri-

602 3600 821 3678 ptores
877 3611 1068 3673 quam
1129 3590 1497 3655 breuissimi
1554 3597 1736 3674 sunt,
1795 3592 2018 3655 quen.
2076 3589 2293 3654 multis
2350 3587 2567 3653 uerbis
2614 3587 2830 3671 utitur,

604 3703 954 3771 ostendens
1002 3724 1080 3769 ex
1135 3703 1366 3768 intimo
1431 3702 1648 3768 animo
1718 3723 1829 3768 eas
1887 3702 2014 3767 sibi
2071 3701 2427 3766 sententias
2483 3699 2877 3792 proficisci..

602 3818 805 3883 Plane
858 3816 1055 3899 igitur
1111 3835 1421 3900 peruersa
1481 3814 1730 3880 ratione
1789 3815 1850 3879 ei
1908 3821 2200 3898 utuntur,
2259 3813 2367 3895 qui
2427 3810 2829 3878 athetesibus

601 3931 766 3996 tales
811 3930 988 3995 locos
1037 3948 1270 3993 sanare
1316 3926 1556 4010 uolunt,
1607 3934 1676 3991 ut
1725 3927 1987 4012 Gruppe
2033 3927 2098 3992 in
2146 3927 2381 4010 Minoe,
2431 3923 2542 3989 ubi
2588 3945 2650 4007 p.
2697 3923 2828 3987 533

604 4042 683 4107 de
729 4042 838 4126 VI,
891 4041 1018 4104 116
1067 4059 1151 4104 se.
1201 4039 1293 4103 ita
1338 4045 1508 4104 recte
1556 4038 1890 4123 disputare
1940 4039 2271 4123 opinatur:
2330 4038 2539 4122 „S'ehr
2592 4063 2672 4102 zu
2728 4062 2827 4124 93-

602 4157 857 4219 winnen
911 4155 1156 4219 scheint
1216 4155 1346 4216 mir
1401 4153 1508 4216 die
1562 4151 1781 4235 Stella,
1851 4175 2033 4216 wenn
2101 4176 2252 4215 man
2320 4155 2414 4216 sie
2480 4152 2826 4217 eolalie-scen

606 4267 826 4351 dito-ste
875 4267 991 4329 mit
1039 4267 1161 4330 den
1222 4265 1489 4330 Versen:
