3284 4792
1355 403 1801 468 ..33-

785 589 1150 660 ostenditque
1186 592 1364 658 tuum,
1401 603 1682 659 generose
1716 586 2056 657 Britannice,
2091 591 2347 644 uentrem

787 689 847 740 et
881 685 1098 740 lassata
1131 684 1270 740 uiris
1309 699 1416 738 nec
1452 684 1584 739 dum
1623 683 1831 739 satiata
1864 683 2122 740 recessit.

460 809 655 872 Denn
699 807 862 872 alles
905 807 1138 892 iibriye
1185 809 1270 873 ist
1316 807 1608 892 dayeyen
1652 815 1847 870 matte
1882 802 2323 893 Amfiihruny
2355 829 2479 872 von
2525 807 2689 891 dem,

459 947 598 988 was
653 923 851 988 sehon
912 923 1164 987 dasteht
1221 922 1362 985 und
1403 921 1577 1008 scillt
1620 943 1788 1006 qauz
1834 919 1919 984 ab
1964 943 2166 1006 qeyen
2212 921 2339 985 den
2389 922 2528 986 Ton
2574 921 2694 986 der

461 1037 828 1122 machtiqen
871 1035 1324 1122 Indiqnation,
1375 1035 1492 1098 der
1539 1034 1681 1097 hier
1727 1034 1835 1097 die
1868 1031 2046 1098 Seele
2076 1034 2429 1098 ausmacht.
2499 1035 2693 1098 Dazu

459 1150 716 1234 kommt,
768 1150 924 1214 dass
969 1149 1139 1212 auch
1185 1149 1537 1213 133—135
1579 1145 2150 1232 (Hipp.-peceant)
2198 1147 2339 1210 hier
2372 1147 2552 1210 nieht
2584 1170 2693 1210 am

462 1261 612 1326 Orte
656 1285 737 1325 zu
781 1263 921 1326 sein
965 1261 1250 1342 seheint;
1314 1260 1482 1323 devm
1527 1260 1620 1322 im
1650 1256 1734 1344 ff.
1782 1260 1871 1324 ist
1916 1259 2157 1322 wieder
2200 1281 2325 1322 von
2368 1258 2693 1322 verletzter

459 1372 700 1437 Scham
749 1373 856 1437 die
905 1369 1121 1436 Rede“
1173 1382 1284 1436 etc.
1375 1371 1452 1434 In
1497 1369 1739 1434 talibus
1785 1369 1979 1434 rebus
2024 1390 2156 1435 non
2201 1369 2283 1435 de
2328 1390 2446 1436 suo
2494 1391 2689 1438 seusu

459 1464 731 1571 iudicet,
795 1485 911 1551 sed
958 1484 1150 1550 certis
1210 1483 1610 1566 argumentis
1673 1482 1913 1547 nitatur
1967 1481 2060 1568 is,
2119 1482 2230 1564 qui
2286 1482 2355 1548 in
2414 1484 2689 1550 eandem

458 1598 999 1684 uituperationem
1031 1596 1316 1662 incidere
1351 1615 1478 1661 non
1513 1594 1653 1659 uult
1688 1605 1880 1677 atque
1912 1593 2345 1681 HeinriehiuS,
2392 1596 2475 1663 de
2506 1596 2690 1664 euius

457 1710 859 1776 athetesibus
893 1709 1254 1776 rectissime
1284 1708 1522 1774 Weber
1565 1707 1634 1773 in
1682 1708 1760 1773 N.
1795 1707 2056 1772 Iahrbb.
2103 1705 2147 1772 f.
2183 1707 2347 1774 Phil.
2394 1729 2455 1774 u.
2488 1708 2687 1776 Paed.

462 1827 629 1892 1841
692 1848 756 1912 p.
809 1826 931 1889 127
983 1844 1033 1889 s,
1124 1823 1249 1888 Hic
1308 1823 1453 1908 ipse
1501 1827 1620 1887 sat.
1661 1822 1755 1887 VI
1798 1821 1976 1886 locus
2025 1821 2266 1906 optime
2309 1819 2688 1888 foeditatem

459 1938 850 2004 Messalinae
897 1935 1220 2022 depingit,
1266 1935 1364 2000 ita
1410 1940 1479 1998 ut
1523 1954 1606 2000 ne
1652 1953 1817 1998 unus
1860 1932 2119 2015 quidem
2165 1952 2391 1998 uersus
2437 1934 2688 2000 deside·

458 2051 588 2116 rari
641 2050 871 2135 possit.
967 2048 1155 2125 Quod
1211 2054 1426 2113 autem
1480 2048 1715 2113 attinet
1768 2046 1853 2111 ad
1910 2066 1973 2112 u.
2025 2047 2402 2133 133-135‚
2460 2048 2684 2114 eodem

458 2163 596 2228 iure
643 2162 987 2228 eiiciantur
1031 2181 1109 2226 ae
1152 2161 1238 2244 Π,
1289 2160 1636 2225 143-148
1688 2165 1807 2225 etc.

529 2275 656 2342 VII,
697 2274 790 2328 15:
861 2288 1198 2342 quamquam
1237 2275 1296 2326 et
1333 2270 1704 2341 Cappadoces
1740 2268 1952 2326 faciant
1987 2271 2327 2341 equitesque
2362 2271 2613 2343 Bithyni.

457 2415 645 2476 quem
704 2412 960 2458 uersum
1014 2391 1291 2473 Pinzger
1351 2389 1433 2455 de
1487 2409 1620 2455 uss.
1686 2410 1859 2475 spur.
1921 2391 2233 2473 grauibus
2288 2391 2686 2474 argumentis

459 2507 748 2591 spurium
819 2525 964 2569 esse
1034 2504 1271 2589 euicit,
1332 2503 1743 2567 Hermannus
1812 2501 1907 2567 ita
1974 2522 2239 2569 seruare
2285 2511 2553 2570 conatur
2619 2511 2690 2571 ut

457 2618 738 2684 Asiani
785 2625 850 2684 et
894 2617 1230 2701 Bithyni
1273 2615 1452 2682 locos
1498 2621 1747 2680 mutent
1792 2620 1857 2681 et
1902 2615 2246 2684 scribatur:

1199 2751 1412 2807 faciant
1447 2751 1676 2822 equites
1714 2751 1963 2823 Bithyni,

669 2865 1006 2920 quamquam
1047 2854 1106 2904 et
1143 2848 1321 2918 Capp.
1358 2846 1467 2903 fac.
1507 2848 1850 2918 equitesque
1886 2847 2103 2904 Asiani.

455 2971 588 3037 Sed
656 2969 1074 3036 nihilominus
1142 2974 1476 3034 remanent
1529 2966 1960 3034 difficultates.
2051 2967 2317 3034 Minime
2360 2968 2532 3034 enim
2578 2989 2684 3034 ue-

454 3083 721 3148 risimile
767 3086 886 3165 est,
934 3086 1182 3145 tantum
1228 3078 1431 3146 fuisse
1485 3099 1821 3144 numerum
1868 3079 2199 3145 hominum
2258 3101 2338 3146 ex
2386 3081 2686 3148 omnibus

452 3195 652 3260 Asiae
697 3191 965 3258 minoris
1025 3191 1320 3276 partibus
1367 3193 1637 3256 Romam
1702 3191 1770 3256 in
1818 3192 2193 3259 seruitutem
2239 3193 2683 3280 abductorum,

449 3313 587 3372 tum
643 3303 1186 3370 manumissorum
1240 3308 1322 3387 et,
1378 3309 1724 3387 postquam
1786 3305 2036 3386 equites
2081 3303 2239 3371 facti
2285 3312 2453 3392 sunt,
2498 3306 2685 3374 falsis

451 3417 840 3485 testimoniis
885 3437 1019 3482 rem
1080 3435 1263 3482 suam
1321 3415 1716 3498 augentium.
1797 3417 2022 3501 Neque
2082 3419 2283 3502 igitur
2333 3419 2685 3502 quidquam

450 3531 652 3614 ualet,
708 3531 1148 3595 Hermannum
1192 3528 1335 3612 XV,
1387 3527 1543 3613 125,
1600 3527 1714 3594 ubi
1759 3549 1891 3623 non
1936 3529 2147 3595 minor
2188 3531 2527 3597 nationum
2571 3553 2686 3598 nu-

450 3662 667 3709 merus
713 3642 958 3725 insigni
1007 3661 1149 3706 cum
1195 3641 1265 3706 ui
1313 3640 1689 3726 cumuletur,
1735 3642 2023 3709 laudare.
2114 3645 2281 3711 Nam
2327 3645 2425 3710 illi
2458 3647 2686 3732 populi

449 3774 520 3820 re
566 3774 726 3820 uera
770 3759 1034 3839 propter
1080 3772 1314 3818 saeuos
1347 3773 1559 3819 mores
1591 3753 1731 3818 noti
1766 3760 1970 3820 erant.
2027 3757 2194 3822 Tum
2230 3758 2391 3824 mihi
2423 3759 2685 3842 quidem

453 3865 930 3951 ineptissimum
988 3864 1244 3930 uidetur
1289 3883 1463 3949 esse,
1527 3865 1829 3950 Bithynis
1875 3872 1939 3933 et
1986 3869 2487 3955 Cappadocibus
2535 3873 2684 3939 sim-

451 3979 710 4065 pliciter
755 3978 1106 4044 nominatis
1146 3977 1445 4063 Galatas,
1493 3998 1655 4061 quos
1702 4001 1832 4046 non
1867 3982 2082 4048 minus
2116 4003 2310 4066 quam
2343 3986 2491 4052 illos
2523 3987 2686 4053 Asia

447 4111 570 4157 nos
637 4111 786 4157 esse
855 4091 1064 4157 cuiuis
1117 4097 1336 4156 notum
1397 4098 1566 4177 erat,
1637 4099 1772 4159 tam
1826 4096 2047 4162 multis
2101 4098 2319 4165 uerbis
2373 4099 2683 4182 equites

447 4203 788 4270 Asianos
843 4202 1100 4269 altera
1153 4223 1344 4286 quos
1396 4205 1606 4269 nudo
1668 4205 2014 4273 traducit
2060 4208 2321 4275 Gallia
2364 4211 2527 4276 talo
2571 4233 2683 4297 ap—

447 4316 700 4402 pellari.
775 4315 852 4382 0.
899 4315 1168 4381 Iahnius
1216 4334 1276 4381 u.
1330 4315 1413 4381 15
1459 4317 1777 4400 originem
1817 4318 2085 4387 duxisse
2128 4328 2350 4388 censet
2389 4341 2471 4389 ex
2504 4323 2681 4390 Suet.

2254 4429 2290 4482 3
