3284 4792
582 1409 924 1526 quenalis
971 1459 1311 1526 satirarum
1350 1457 1578 1524 ultima
1611 1456 1835 1544 spuria
1870 1457 1954 1522 sit
1983 1477 2067 1522 an
2101 1476 2265 1541 non,
2312 1460 2384 1521 ut
2421 1453 2597 1540 apud

365 1578 621 1638 ueteres
652 1573 962 1638 iudicium
1002 1593 1131 1637 non
1169 1570 1539 1638 constitisse
1587 1569 1941 1635 scholiasta
1984 1589 2103 1635 nos
2150 1568 2365 1653 docet,
2415 1567 2597 1634 cuius

366 1684 453 1748 ad
499 1685 686 1770 XVI,
740 1687 771 1750 1
839 1685 1002 1750 haec
1047 1691 1196 1750 sunt
1242 1684 1472 1750 uerba:
1540 1684 1716 1770 „Ista
1777 1704 1818 1748 a
1864 1680 2186 1767 plerisque
2232 1680 2600 1766 exploditur

366 1805 431 1864 et
477 1799 710 1864 dicitur
772 1819 900 1863 non
957 1818 1101 1864 esse
1156 1795 1551 1880 quenalis“,
1612 1795 1709 1862 ita
1768 1815 1884 1880 per
1929 1799 2127 1860 totam
2174 1797 2454 1859 aetatem
2500 1813 2595 1859 re-

367 1911 719 1976 centiorem
767 1917 866 1976 est
912 1909 1370 1976 controuersia.
1463 1910 1699 1976 Nostro
1756 1915 1970 1973 autem
2028 1906 2284 1972 saeculo
2338 1905 2597 1989 longius

365 2042 750 2106 progressus
797 2028 898 2087 est
946 2023 1014 2088 C.
1062 2023 1428 2107 Kempfius,
1477 2023 1587 2106 qui
1635 2022 1758 2087 XV
1797 2041 2049 2106 quoque
2098 2021 2337 2087 satirae
2382 2026 2596 2085 aucto-

365 2156 501 2201 rem
548 2156 676 2200 non
725 2154 869 2200 esse
913 2134 1285 2200 quenalem
1344 2135 1411 2199 in
1476 2133 1791 2201 Obseruu.
1838 2133 1905 2198 in
1949 2135 2089 2199 qu.
2138 2135 2287 2219 aliq.
2334 2135 2454 2202 loc.
2501 2135 2596 2201 in—

366 2255 562 2333 terpr.
625 2249 834 2316 Berol.
897 2249 1066 2314 1843
1126 2249 1565 2314 demonstrare
1624 2252 1893 2313 conatur
1918 2248 1989 2333 1).
2093 2249 2426 2314 Postremo
2483 2269 2595 2314 no-

366 2361 672 2426 uissimus
738 2361 1067 2428 quenalis
1129 2361 1370 2444 editor,
1437 2361 1508 2426 O.
1565 2360 1965 2426 Ribbeckius
2025 2381 2156 2426 non
2220 2361 2426 2427 solum
2471 2362 2595 2427 XV

367 2480 430 2539 et
452 2474 609 2538 XVI
643 2474 899 2558 spurias
933 2473 1150 2556 habet,
1199 2472 1314 2538 sed
1359 2478 1618 2557 praeter
1666 2491 1778 2537 eas
1823 2473 1917 2556 X,
1979 2473 2144 2557 XII,
2190 2473 2389 2558 XIII,
2436 2474 2595 2540 XIV

367 2586 624 2651 nomine
673 2586 1214 2652 declamationum
1262 2607 1303 2652 a
1347 2585 1610 2668 reliquis
1674 2586 1979 2671 secernit,
2040 2586 2273 2669 quibus
2329 2587 2595 2673 insuper

366 2697 484 2781 IV,
538 2699 752 2762 1—36
814 2698 942 2783 XI,
996 2698 1241 2782 1—55,
1289 2698 1455 2763 alias
1500 2697 1782 2763 minores
1828 2697 2181 2783 particulas
2226 2705 2297 2764 ut
2341 2699 2592 2766 addita-

369 2817 586 2876 menta
631 2811 847 2877 demit.
933 2811 1173 2877 Contra
1218 2810 1660 2876 Heinrichium
1707 2817 1771 2876 et
1813 2811 2180 2896 Kempfium
2227 2811 2594 2877 traditionis

368 2923 554 2988 fidem
602 2923 956 2990 luculenter
1002 2924 1149 2989 tuiti
1213 2931 1362 2989 sunt
1407 2925 1507 2988 W.
1556 2926 1628 2989 E.
1678 2924 1946 3009 Weber,
2011 2924 2081 2992 O.
2129 2928 2235 2992 Fr.
2282 2927 2592 2991 Herman-

370 3053 518 3117 nus,
569 3035 640 3100 L.
691 3035 1085 3102 Doellenius.
1181 3035 1635 3120 Ostenderunt,
1687 3037 1905 3103 omnia
1950 3058 2047 3122 ea,
2096 3057 2262 3120 quae
2308 3038 2402 3103 illi
2448 3058 2592 3123 pro—

369 3149 658 3234 tulerint,
709 3156 882 3215 stare
929 3169 1055 3212 non
1103 3169 1331 3235 posse,
1381 3151 1436 3215 si
1486 3155 1550 3215 et
1596 3157 1932 3234 utramque
1980 3149 2245 3215 satiram
2293 3156 2593 3217 accurate

372 3280 699 3343 compares
757 3280 899 3324 cum
962 3262 1225 3343 reliquis
1245 3273 1282 3346 ,'·
1322 3277 1530 3345 neque
1593 3262 2035 3346 obliuiscaris,
2108 3262 2376 3327 alteram
2421 3261 2592 3346 frag—

371 3376 650 3434 mentum
697 3378 946 3436 tantum
993 3393 1170 3456 esse,
1219 3379 1554 3454 utramque
1601 3395 1642 3439 a
1686 3378 1884 3458 poeta
1929 3380 2144 3439 aetate
2187 3375 2592 3458 prouectiore

373 3501 512 3547 esse
559 3480 884 3563 scriptam.
979 3483 1165 3560 Quod
1213 3504 1356 3548 cum
1406 3485 1874 3570 perspicerem,
1921 3505 1997 3551 eo
2045 3487 2257 3568 magis
2303 3486 2591 3572 miratus,

374 3594 537 3676 quod
586 3593 984 3659 Ribbeckius
1031 3616 1158 3662 non
1209 3598 1413 3663 solum
1462 3619 1574 3664 eas
1638 3600 1905 3678 satiraS‚
1969 3619 2135 3682 quae
2180 3599 2459 3665 fortasse
2504 3600 2590 3666 lc-

514 3797 555 3863 ¹)
604 3793 714 3848 Vix
766 3793 910 3848 enim
949 3797 1490 3851 commemorandum
1535 3814 1667 3854 esse
1705 3813 1930 3866 cense0,
1968 3797 2076 3852 iam
2117 3796 2184 3853 Gr.
2221 3799 2266 3852 Ι.
2302 3798 2590 3869 Vossium,

377 3901 534 3954 quem
571 3883 626 3938 in
664 3882 805 3937 hanc
843 3882 1294 3952 disquisitionem
1333 3886 1539 3940 nullam
1579 3903 1809 3956 operam
1842 3887 2151 3942 contulisse
2190 3903 2259 3942 ex
2296 3887 2479 3956 ipsius
2519 3888 2589 3943 de

375 3975 460 4027 illa
496 3972 668 4048 satira
703 3971 896 4028 verbis
937 3978 1203 4041 apparet,
1241 3974 1296 4027 in
1334 3975 1541 4029 Institt.
1580 3979 1734 4043 poet.
1773 3976 1855 4030 III
1893 3977 1979 4044 97,
2017 3980 2135 4030 tum
2172 3976 2239 4030 D.
2278 3976 2587 4046 Heinsium,

379 4063 441 4116 de
479 4067 583 4116 sat.
621 4061 780 4115 Rom.
818 4062 874 4128 Ι,
926 4061 994 4115 62
1042 4062 1238 4131 paucis
1287 4063 1479 4119 verbis
1523 4080 1647 4119 cam
1683 4064 1940 4120 quenali
1978 4064 2348 4120 abiudicasse.
2422 4065 2589 4120 Hein-

371 4151 570 4205 richius
612 4155 798 4205 autem
839 4168 997 4206 suam
1037 4152 1106 4207 de
1145 4167 1213 4207 ea
1253 4152 1640 4223 suspitionem,
1684 4171 1850 4224 quam
1874 4154 1928 4209 in
1955 4155 2219 4210 editionis
2260 4155 2370 4209 uol.
2407 4154 2481 4224 II,
2519 4155 2588 4209 22

379 4243 598 4320 profert,
635 4240 760 4311 ipse
797 4257 929 4312 pag.
967 4242 1073 4296 498
1110 4243 1368 4298 remouit.

2092 4334 2119 4386 1
