3284 4792
1369 322 1901 388 ·-14—

555 506 848 574 Iambica
875 507 1198 574 uocabula
1234 507 1301 572 in
1339 507 1525 590 graui
1563 506 1819 591 syllaba
1856 505 2034 594 (nam
2073 506 2331 572 omnino
2367 506 2580 571 nullus
2602 511 2799 590 poeta

553 622 825 686 Latinus
893 622 961 686 in
1028 622 1212 687 breui
1281 621 1630 687 iambicum
1703 622 1877 687 elisit
1938 621 2326 712 uocabulum
2352 619 2402 706 1)
2461 618 2797 704 permultis

553 734 766 818 poetis
810 734 1065 800 Latinis
1111 756 1242 800 non
1289 735 1698 820 elidentibuS,
1745 736 2076 801 quenalis
2123 736 2198 820 V,
2251 736 2377 801 173
2424 733 2605 819 pati
2663 732 2797 796 his

556 847 664 930 VI,
713 846 840 910 327
890 867 1165 913 morae
1211 847 1652 933 impatiens
1701 847 1943 915 scribit.
2018 849 2301 927 Quorum
2347 849 2637 913 locorum
2684 865 2796 910 nu-

554 979 732 1025 mero
779 965 913 1026 tam
959 980 1164 1044 paruo
1211 962 1638 1046 suspitionem
1687 983 1945 1029 mouere
1984 964 2227 1048 nequit,
2276 961 2449 1046 quod
2482 961 2551 1026 in
2588 967 2795 1045 poste-

552 1071 832 1138 rioribus
865 1073 1088 1138 satiris
1121 1073 1439 1139 eiusmodi
1478 1076 1783 1141 elisiones
1816 1096 1946 1140 non
1970 1074 2403 1141 inueniuntur.
2431 1114 2514 1121 -
2542 1073 2798 1140 Cretica

554 1185 875 1251 uocabula
920 1191 1032 1250 aut
1069 1184 1238 1250 hunc
1285 1186 1352 1251 in
1397 1187 1630 1272 pedem
1680 1186 1984 1253 exeuntia
2030 1187 2291 1252 omnino
2336 1207 2468 1252 non
2516 1183 2716 1250 elidit.

734 1299 921 1377 Quod
984 1302 1216 1367 attinet
1273 1301 1359 1366 ad
1419 1301 1814 1386 prosodiam,
1876 1301 2205 1366 quenalis
2251 1320 2333 1365 ne
2378 1299 2485 1362 hic
2530 1297 2791 1380 quidem

553 1411 798 1478 maiore
845 1413 1043 1478 utitur
1086 1415 1370 1498 licentia,
1419 1415 1512 1480 ita
1558 1421 1626 1479 ut
1673 1415 2091 1497 neglegenter
2138 1434 2280 1478 eam
2321 1416 2636 1476 tractasse
2666 1409 2796 1474 dici

552 1525 789 1610 possit,
847 1532 912 1592 et
972 1527 1096 1591 hac
1155 1527 1223 1591 in
1281 1547 1350 1592 re
1412 1547 1527 1612 per
1575 1547 1801 1593 omnes
1847 1529 2005 1593 XVI
2053 1527 2292 1593 satiras
2341 1525 2468 1592 sibi
2514 1531 2787 1590 constat.

555 1635 733 1713 Quas
794 1657 936 1702 cum
991 1639 1419 1723 perlegimus,
1482 1646 1634 1706 ante
1683 1640 1901 1705 omnia
1948 1639 2303 1724 conspicua
2350 1645 2449 1705 est
2496 1659 2533 1703 o
2579 1638 2793 1704 finalis

553 1748 859 1836 breuitas,
911 1771 1076 1834 quae
1111 1753 1179 1816 in
1216 1753 1498 1818 omnium
1535 1775 1842 1836 generum
1880 1754 2217 1837 uocabula,
2251 1752 2535 1836 nomina,
2573 1751 2792 1834 uerba,

553 1862 906 1946 particulas
945 1883 1062 1948 per
1096 1864 1322 1930 ultima
1356 1866 1602 1932 liberae
1634 1866 2047 1951 reipublicae,
2096 1864 2306 1950 prima
2336 1866 2794 1950 imperatorum

553 1981 880 2059 tempora·
904 1976 1186 2061 irrepsit.
1278 1979 1498 2043 Pauca
1551 1984 1802 2044 tantum
1846 1979 2083 2061 longae
2131 1998 2167 2043 o
2213 1977 2428 2043 finalis
2477 1975 2793 2063 (exceptis

555 2085 795 2152 datiuis
857 2093 922 2152 et
983 2089 1318 2174 ablatiuis)
1383 2091 1681 2176 exempla
1728 2091 1903 2176 apud
1948 2091 2323 2156 quenalem
2368 2089 2791 2174 reperiuntur.

557 2200 667 2266 Sic
725 2202 1009 2267 omnium
1057 2202 1607 2268 substantiuorum
1660 2203 1727 2268 in
1775 2225 1812 2268 o
1860 2203 2293 2269 desinentium
2338 2221 2468 2267 non
2516 2201 2793 2286 amplius

559 2321 691 2380 tres
741 2315 1015 2398 singulis
1046 2317 1209 2383 locis
1243 2338 1280 2382 o
1315 2317 1707 2402 producunt:
1754 2336 1979 2382 nemo
2016 2317 2193 2400 XIV,
2242 2316 2391 2380 207.
2430 2321 2494 2381 et
2530 2335 2795 2397 sequen-

558 2428 733 2494 tibus
770 2428 1022 2496 duabus
1059 2432 1362 2496 consonis
1399 2431 1622 2496 ratio
1670 2430 1811 2515 VII,
1860 2432 1909 2515 I,
1960 2449 2226 2515 caupo
2262 2429 2379 2513 IX,
2433 2429 2583 2494 108.
2646 2427 2795 2494 Om-

555 2542 709 2608 nino
770 2562 1098 2626 nunquam
1147 2543 1429 2629 (praeter
1477 2543 1811 2608 occulta
1860 2543 2133 2627 spolia
2178 2542 2352 2626 VIII,
2407 2542 2560 2626 107)
2607 2541 2791 2605 111110-

555 2654 721 2719 nalis
783 2654 1074 2721 ultimam
1121 2655 1412 2721 uocalem
1461 2654 1724 2720 breuem
1770 2654 2070 2738 producit
2118 2659 2428 2736 sequente
2474 2653 2793 2719 uocabulo

556 2768 809 2833 duabus
895 2768 1198 2833 consonis
1277 2766 1672 2852 incipiente,
1767 2767 1897 2831 nisi
1972 2767 2167 2832 etiam
2244 2766 2385 2830 sine
2468 2765 2791 2850 positione

554 2880 826 2965 produci
887 2886 1121 2965 potest.
1215 2879 1410 2946 Tales
1467 2879 1929 2964 productiones
1990 2900 2027 2944 o
2083 2878 2297 2944 finalis
2352 2885 2614 2964 praeter
2658 2880 2791 2945 lau-

557 2993 746 3058 datas
805 2999 937 3058 tres
983 2991 1236 3056 inueni:
1296 2993 1344 3076 I,
1399 2992 1524 3056 108
1572 2991 1976 3075 possideo
2023 2991 2210 3075 plus
2256 2991 2367 3075 VI,
2416 2992 2542 3056 371
2595 3011 2790 3073 ergo

556 3112 954 3190 spectatos
984 3105 1160 3190 VIII,
1180 3106 1265 3170 26
1303 3125 1651 3188 agnosco
1691 3125 2117 3190 procerem.
2143 3105 2605 3170 —Verborum
2628 3103 2793 3169 haee

555 3218 779 3283 decem
828 3238 864 3283 0
911 3217 1102 3282 finale
1148 3217 1414 3301 longum
1460 3217 1635 3301 apud
1682 3219 1803 3281 qu
1850 3223 2144 3282 seruant:
2192 3217 2488 3300 ignoro
2534 3217 2652 3301 ΠΙ,
2679 3217 2784 3281 43.

554 3330 790 3396 iubeo
840 3331 948 3414 VI,
992 3332 1141 3395 223.
1215 3329 1461 3394 uideo
1524 3329 1675 3395 395.
1734 3331 1918 3414 XIII,
1960 3330 2105 3395 118.
2155 3349 2427 3395 moneo
2476 3330 2584 3395 VI.
2638 3329 2787 3393 629.

555 3441 806 3507 timeo
852 3443 935 3527 X,
978 3443 1082 3508 84.
1150 3461 1391 3508 cauco
1437 3443 1553 3526 XI,
1595 3443 1741 3508 130.
1804 3448 2035 3507 taceo
2082 3443 2266 3526 XIII,
2308 3442 2453 3507 127.
2502 3448 2789 3526 repeto

552 3555 669 3639 IX,
710 3556 815 3620 22.
862 3574 1167 3637 nequeo
1214 3555 1331 3640 111,
1373 3555 1480 3619 42.
1527 3555 1670 3639 VII,
1711 3554 1817 3619 56.
1866 3573 1997 3619 ero
2044 3555 2159 3639 IX,
2205 3555 2351 3619 147.
2403 3593 2489 3601 -
2544 3552 2788 3618 Aduer-

551 3667 824 3751 biorum,
887 3686 1053 3749 quae
1109 3667 1176 3731 in
1238 3687 1275 3732 o
1335 3666 1700 3732 desinentia
1759 3665 2087 3732 quenalis
2142 3673 2430 3751 usurpat,
2516 3665 2791 3730 dimidia

553 3778 687 3846 fere
732 3799 888 3865 pars
944 3779 1234 3845 ultimam
1291 3779 1622 3864 producit:
1693 3779 2028 3863 merito,
2090 3778 2509 3862 continu0‚
2568 3776 2786 3862 adeo,

554 3891 740 3958 ideo
789 3913 1043 3977 semper
1089 3912 1204 3977 per
1251 3909 1473 3957 omnes
1520 3891 1777 3974 satiras,
1826 3911 1965 3973 erg
1984 3909 2040 3975 0,
2089 3890 2274 3956 cuius
2324 3910 2360 3955 o
2402 3891 2787 3975 saepissime

552 4004 774 4070 breuis
831 4010 950 4090 est,
1025 4005 1144 4088 III,
1181 4003 1332 4068 281.
1394 4004 1512 4088 ΙΧ,
1547 4003 1652 4068 82.
1758 4003 1957 4068 Hisce
2026 4003 2382 4086 adiungere
2441 4021 2787 4086 possumus

706 4252 746 4322 ¹)
787 4269 838 4306 u.
878 4253 1013 4306 Luc.
1053 4252 1301 4321 Mueller,
1339 4253 1374 4306 1.
1414 4252 1447 4306 l.
1486 4268 1541 4320 p.
1585 4252 1707 4306 284.
