3284 4792
537 538 679 621 quis
723 536 937 603 facere
983 535 1261 601 intendit
1309 535 1386 622 (I,
1435 536 1540 600 44.
1590 537 1697 601 70.
1744 536 1853 620 IV,
1907 534 2052 599 148.
2102 534 2213 618 VI,
2262 534 2366 598 39.
2416 534 2565 598 313.
2613 535 2757 618 VII,

543 653 684 717 116.
745 651 891 716 133.
950 652 1128 736 VIII,
1189 651 1339 717 130.
1395 650 1572 735 XIV,
1629 649 1788 736 49.),
1846 647 2155 713 nonnulla
2213 652 2429 712 tamen
2491 652 2758 732 restant,

537 786 653 851 pro
697 764 931 846 quibus
979 763 1460 850 exspectaueris
1508 768 1935 848 praesentem.
2030 761 2140 827 Sic
2197 767 2262 826 et
2316 762 2440 846 IV,
2500 762 2585 826 88
2641 781 2757 846 pro

538 877 898 943 locuturi
968 883 1492 962 exspectaremus
1549 875 2019 960 loquentis,
2084 881 2148 940 et
2203 876 2263 959 I,
2326 876 2428 940 18.
2490 874 2602 958 IV,
2650 873 2755 940 50.

538 994 613 1078 V,
665 992 770 1056 32.
841 993 958 1076 ΙΧ,
1015 990 1121 1056 58.
1191 991 1274 1075 X,
1336 991 1395 1055 8.
1451 989 1556 1054 49.
1626 990 1777 1073 XII,
1840 988 1926 1053 56
1972 986 2180 1076 parthi
2220 987 2337 1052 fut.
2384 1007 2463 1052 ea
2508 992 2757 1052 tantum

537 1106 920 1190 significant,
968 1124 1133 1187 quae
1180 1104 1304 1168 fert
1347 1109 1581 1169 natura
1627 1102 1767 1169 eius
1814 1101 1909 1168 rei
1954 1107 2067 1168 aut
2112 1101 2413 1186 hominis,
2482 1101 2587 1166 cui
2646 1122 2757 1186 ap-

535 1218 745 1304 posita
789 1223 956 1283 sunt.
1099 1305 1104 1312 ἡ

707 1334 981 1397 Formae
1028 1350 1218 1413 quam
1266 1335 1504 1394 uocant
1549 1328 2048 1413 etymologicam
2092 1329 2255 1394 haee
2289 1328 2586 1412 exempla
2618 1348 2756 1413 rep-

533 1444 701 1530 peri:
750 1445 799 1527 I,
852 1444 959 1508 16:
1007 1443 1246 1508 altum
1294 1441 1727 1527 dormiret,
1773 1442 1857 1526 Π,
1906 1442 1975 1506 3ε
2030 1440 2592 1506 Bacchanalia
2651 1440 2755 1505 ui-

530 1566 748 1642 uunt,
790 1559 900 1641 VI,
937 1549 1048 1620 633
1097 1554 1390 1620 Ledam
1439 1555 1797 1620 saltante
1832 1553 2246 1638 Bathyllo,
2293 1551 2455 1618 425:
2503 1558 2755 1617 totum

531 1670 1084 1755 oenophorum
1133 1667 1464 1751 sitiens,
1499 1666 1665 1732 485:
1705 1665 2018 1732 intonet
2061 1664 2559 1750 horrendum,
2606 1665 2757 1731 517:

429 1763 438 1770 .
529 1782 840 1866 grande
911 1787 1176 1847 sonat.
1268 1781 1428 1866 XII,
1504 1781 1666 1846 128:
1748 1779 1977 1846 uiuat
2052 1781 2411 1847 Nestora
2476 1783 2755 1843 totum.

528 1896 702 1980 XIV,
752 1895 910 1962 295:
958 1896 1369 1962 aestiuum
1413 1900 1659 1960 tonat.
2059 1875 2065 1880 ¹

705 2009 941 2074 Notum
988 2014 1106 2092 est,
1171 2007 1541 2092 scriptores,
1585 2007 1870 2074 maxime
1916 2013 2145 2092 poetas
2189 2007 2460 2073 Latinos
2506 2004 2756 2090 passim

528 2141 644 2205 pro
690 2140 784 2185 ne
828 2118 1253 2205 prohibitorio
1299 2141 1488 2205 non,
1536 2140 1686 2185 nec
1730 2140 1847 2204 pro
1894 2139 2100 2186 neue
2158 2119 2550 2204 coniungere
2609 2139 2755 2184 cum

527 2232 930 2318 imperatiuis
987 2240 1051 2300 et
1108 2233 1554 2300 coniunctiuis.
1628 2233 1717 2321 (u.
1765 2231 2091 2298 Heindorf
2136 2233 2222 2298 ad
2279 2231 2446 2320 Hon}
2492 2233 2626 2299 Sat.
2669 2233 2754 2317 H,

526 2345 586 2428 5,
647 2345 782 2432 91.)
875 2346 1041 2411 Illud
1111 2347 1286 2432 apud
1342 2346 1717 2412 quenalem
1774 2351 1905 2412 tres
1960 2351 2211 2411 tantum
2267 2345 2392 2412 loci
2445 2346 2760 2431 praebent

526 2461 664 2544 (VI,
711 2459 864 2524 451.
911 2461 1028 2546 ΧΓ,
1081 2461 1228 2526 185.
1275 2462 1452 2545 XVI,
1499 2459 1644 2546 28),
1691 2480 1831 2526 nec
1876 2465 2091 2526 autem
2124 2459 2360 2542 ubique
2407 2480 2525 2544 pro
2565 2478 2759 2524 neue

526 2573 904 2639 adhibuisse
929 2573 1204 2658 uidetur,
1231 2595 1374 2640 cum
1398 2575 1558 2640 illud
1581 2576 1701 2658 III,
1738 2575 1887 2640 302.
1914 2575 2024 2658 VI,
2050 2574 2201 2659 282,
2227 2573 2378 2639 450.
2402 2574 2578 2658 VIII,
2608 2574 2755 2640 188.

526 2686 641 2769 ΙΧ,
690 2686 794 2750 99.
841 2687 958 2771 XI,
1011 2687 1156 2751 186.
1205 2686 1354 2771 XII,
1403 2688 1510 2752 93.
1563 2687 1710 2752 130.
1759 2687 1933 2771 XIV,
1981 2687 2133 2751 201.
2182 2686 2358 2771 XVI,
2394 2688 2435 2752 9
2472 2686 2757 2753 omnium

526 2798 713 2863 codd.
741 2817 1061 2864 consensu
1095 2800 1405 2886 tradatur,
1453 2800 1643 2866 unico
1679 2806 1895 2866 autem
1935 2800 2097 2884 loco,
2145 2798 2259 2865 ubi
2290 2820 2436 2866 neu
2479 2801 2756 2884 legimus

525 2913 698 2997 XIV,
747 2913 898 2998 203,
955 2912 1114 2978 mihi
1169 2914 1428 2997 quidem
1495 2935 1625 2980 non
1679 2914 1874 2980 nimis
1930 2915 2239 2981 audacter
2294 2933 2441 2980 neu
2495 2913 2563 2978 in
2618 2934 2756 2980 nec

526 3024 759 3090 mutari
807 3026 1121 3092 uideatur.

702 3139 984 3206 Verbum
1032 3141 1284 3206 finitum
1329 3141 1414 3206 ab
1471 3142 1598 3207 ullo
1656 3141 1787 3207 alio
1843 3148 2039 3227 poeta
2081 3141 2315 3208 Latino
2369 3147 2503 3207 tam
2557 3160 2756 3226 saepe

525 3271 717 3334 quam
767 3253 850 3318 ab
899 3253 1207 3320 quenale
1255 3253 1464 3319 omitti
1511 3254 1621 3319 uix
1669 3261 1846 3339 put0.
1940 3256 1998 3321 Ν
2002 3275 2084 3320 on
2132 3255 2339 3321 solum
2388 3253 2560 3319 enim
2616 3274 2755 3319 uer—

528 3365 678 3431 bum
735 3364 1050 3432 auxiliare
1104 3365 1172 3432 in
1229 3385 1612 3448 unaquaque
1670 3366 1873 3433 satira
1923 3365 2098 3431 haud
2154 3387 2300 3432 raro
2357 3367 2568 3452 deest,
2638 3366 2755 3434 sed

528 3479 724 3544 etiam
774 3480 906 3545 alia
951 3479 1152 3544 uerba
1197 3478 1413 3544 multis
1461 3478 1622 3544 locis
1695 3499 1731 3544 e
1779 3485 2081 3545 contextu
2143 3485 2395 3565 oportet
2439 3479 2751 3563 intellegi.

527 3592 636 3658 Sic
682 3591 957 3657 habuit
1002 3592 1108 3658 uel
1154 3592 1360 3677 cepit
1415 3591 1723 3658 omissum
1781 3599 1905 3658 est:
1973 3593 2025 3679 I,
2085 3594 2189 3678 89,
2249 3593 2632 3659 oriuntur:
2700 3594 2751 3679 I,

532 3705 675 3791 144,
729 3706 874 3789 168,
924 3709 1164 3770 ortum
1214 3711 1358 3770 est:
1405 3705 1488 3790 II,
1541 3706 1690 3790 127,
1737 3703 1970 3771 fiunt:
2018 3707 2137 3790 ΠΙ,
2178 3707 2328 3792 309,
2378 3706 2594 3772 emis:
2642 3707 2751 3792 IV,

526 3818 632 3904 25,
681 3824 862 3884 stat:
909 3819 987 3904 V,
1037 3818 1142 3884 56.
1203 3819 1594 3884 occidisti:
1655 3819 1763 3905 VI,
1831 3820 1991 3904 641,
2048 3819 2181 3886 alia
2240 3820 2462 3885 multa.
2555 3821 2751 3886 Tales

527 3930 789 4015 ellipses
835 3930 1159 3996 interdum
1203 3931 1484 3996 maxime
1541 3937 2015 3998 consentaneae
2072 3938 2221 3997 sunt
2266 3933 2625 4018 affectibus,
2683 3938 2752 3998 ut

526 4045 576 4129 I,
627 4045 730 4109 89.
778 4045 896 4129 III,
949 4043 1095 4108 140.
1143 4043 1254 4127 VI,
1306 4043 1452 4108 192.
1501 4043 1651 4109 641.
1698 4044 1842 4128 VH,
1889 4046 2039 4110 207.
2094 4045 2271 4130 VIII,
2328 4046 2390 4110 9.
2446 4046 2589 4130 XV,
2644 4044 2747 4110 35.

526 4156 633 4241 48,
680 4155 1030 4221 maximam
1075 4161 1293 4222 autem
1336 4161 1585 4239 partem
1633 4156 1996 4238 quaesitam
2039 4156 2215 4222 illam
2262 4157 2611 4223 dictionem
2654 4178 2749 4224 re-

527 4267 767 4353 dolent,
812 4287 941 4351 qua
983 4288 1175 4334 nemo
1220 4273 1568 4351 argenteae
1611 4267 1849 4336 aetatis
1894 4268 2168 4354 scriptor
2210 4269 2374 4336 liber
2418 4275 2535 4336 est.
