3284 4792
1451 350 1896 414 -20-

556 535 780 621 erit“,
804 536 988 619 XIII,
1041 535 1168 600 180
1207 540 1330 621 „at
1361 533 1755 598 uindicta
1788 532 2080 596 bonum
2116 531 2297 596 uita
2331 529 2784 595 iucundius

554 648 781 734 ipsa“
835 655 897 714 et
942 647 1348 730 uidebimus,
1420 665 1640 711 eorum
1702 645 1895 730 plane
1956 644 2229 710 eundem
2290 657 2435 710 esse
2493 643 2785 709 habitum

553 783 632 827 ae
658 782 854 846 supra
890 760 1317 826 laudatorum.
1355 761 1539 843 XIII,
1593 760 1715 824 181
1767 775 2057 843 nempe
2102 758 2247 823 1106
2294 755 2618 822 indoeti
2664 760 2785 819 ete.

553 893 816 958 prorsus
856 893 984 939 non
1019 872 1342 956 intellego,
1391 871 1713 954 quomodo
1752 871 1885 936 sint
1921 870 2327 955 explicanda,
2372 869 2787 934 nisi'statuas

555 987 944 1073 respondere
991 987 1364 1053 quenalem
1423 984 1815 1050 dubitationi
1870 984 1953 1048 ab
2014 984 2216 1049 altero
2263 983 2574 1067 prolatae.
2668 982 2788 1044 Ne-

553 1121 676 1184 que
722 1101 951 1165 mirum
999 1106 1117 1183 est,
1166 1100 1448 1164 alternos
1495 1116 1825 1162 sermones
1869 1096 1976 1161 1116
2019 1097 2231 1164 10611111
2276 1077 2535 1160 habere.
2622 1095 2787 1157 Nam

555 1221 620 1279 et
654 1233 850 1297 supra
882 1212 1166 1277 uidimus
1204 1210 1518 1276 sermonis
1545 1209 1953 1274 quenaliani
1977 1209 2267 1274 habitum
2296 1207 2381 1272 ad
2406 1206 2786 1287 colloquium

553 1327 809 1392 facilem
867 1325 1210 1391 transitum
1270 1323 1583 1408 praebere
1639 1329 1703 1387 et
1766 1322 2149 1409 saepissime
2198 1339 2525 1385 sermones
2574 1317 2790 1382 satiris

554 1438 785 1503 intexti
850 1444 998 1502 sunt
1059 1435 1279 1502 uerbis
1325 1435 1593 1517 inquit
1639 1436 1744 1499 uel
1791 1434 2000 1500 dicit
2044 1455 2171 1499 non
2221 1432 2491 1498 additis:
2540 1432 2590 1514 Ι,
2645 1432 2787 1495 101.

559 1551 684 1616 125
733 1570 782 1615 s.
837 1550 966 1615 160
1011 1569 1096 1614 ss.
1144 1551 1230 1631 ΙΙ,
1291 1550 1394 1613 70.
1449 1550 1593 1613 132.
1643 1548 1752 1633 IV,
1805 1549 1951 1613 130.
2001 1547 2076 1630 V,
2127 1547 2231 1610 74.
2288 1547 2428 1610 135.
2484 1546 2630 1608 166.
2680 1545 2789 1626 VI,

555 1667 705 1730 219.
753 1665 904 1729 492.
956 1664 1104 1727 642.
1153 1662 1294 1746 VII,
1348 1662 1472 1726 158
1523 1682 1608 1727 ss.
1657 1663 1740 1746 X,
1790 1662 1894 1726 67.
1945 1662 2049 1725 71.
2100 1661 2179 1725 81
2232 1680 2317 1726 ss.
2366 1659 2541 1743 XIV,
2592 1661 2680 1724 60
2704 1680 2788 1723 ss.

555 1777 769 1841 Etiam
814 1776 1033 1861 plures
1067 1775 1644 1856 interrogationum
1688 1795 1926 1857 earum,
1976 1773 2209 1856 quibus
2256 1773 2393 1839 qu.
2433 1772 2517 1838 ad
2554 1793 2789 1836 nouum

556 1890 710 1971 quid
766 1889 1041 1955 transire
1089 1889 1252 1956 solet
1299 1890 1435 1974 (VI,
1485 1890 1588 1953 60.
1647 1887 1791 1952 114.
1850 1889 1992 1952 136.
2046 1887 2191 1951 142.
2246 1887 2390 1951 161.
2439 1884 2588 1948 246.
2640 1887 2789 1949 286.

554 2003 696 2086 VII,
761 2003 864 2068 98.
915 2001 1063 2066 215.
1112 2002 1287 2085 VIII,
1349 2002 1452 2065 39.
1510 2002 1654 2066 183.
1704 2001 1852 2064 211.
1901 2001 1984 2084 X,
2032 2000 2180 2064 346.
2228 1998 2410 2082 XIII,
2462 1999 2564 2062 71.
2618 1999 2791 2084 174),

555 2137 684 2179 11011
730 2123 963 2200 poetae
1010 2135 1172 2199 esse,
1222 2115 1338 2179 sed
1387 2115 1673 2199 alteriUS,
1722 2115 1834 2197 qui
1880 2135 2026 2179 eum
2072 2111 2461 2196 interpellat,
2512 2131 2592 2175 ex
2622 2109 2792 2195 ipsa-

559 2247 699 2292 rum
747 2226 966 2292 indole
1011 2233 1303 2312 apparet.
1395 2226 1586 2292 Ribb.
1637 2225 1867 2291 eodem
1911 2225 2071 2309 iure,
2120 2244 2245 2307 quo
2291 2223 2374 2307 X,
2424 2223 2554 2288 346
2618 2223 2794 2310 „Nil

559 2360 746 2422 ergo
795 2341 1208 2425 optabunt
1250 2339 1687 2425 homines“,
1736 2340 1897 2406 haee
1944 2359 2198 2422 quoque
2244 2338 2613 2404 enuntiata:
2681 2336 2791 2421 VI,

564 2453 689 2517 136
718 2452 1092 2539 „Optima
1137 2453 1276 2520 sed
1325 2474 1576 2537 quare
1626 2453 2092 2520 Censennia
2136 2457 2343 2517 teste
2378 2448 2791 2534 marito?“,

562 2564 913 2652 142,,0111·
959 2565 1378 2632 desiderio
1417 2567 1764 2634 Bibulae
1804 2566 2227 2633 Sertorius
2267 2562 2605 2646 ardet?“,
2665 2563 2785 2627 161

563 2676 946 2763 „Nullane
988 2679 1076 2745 de
1128 2680 1380 2745 tantis
1429 2679 1807 2762 gregibus
1855 2679 2006 2744 tibi
2062 2678 2307 2760 digna
2353 2675 2786 2759 uidetur‘?“,

559 2789 689 2854 286
741 2790 1006 2875 „Vnde
1067 2790 1266 2857 haee
1323 2798 1690 2857 monstra
1734 2798 1999 2856 tamen
2047 2790 2177 2856 uel
2224 2810 2373 2872 quo
2424 2788 2512 2854 de
2560 2788 2791 2854 sonte

559 2899 1035 2986 requi‘ris‘?“,
1082 2904 1264 2986 XIII,
1317 2904 1462 2988 174,
1511 2903 1572 2969 5.
1650 2903 2041 2990 „Nullane
2098 2903 2424 2988 periuri
2485 2899 2792 2984 eapitis

559 3011 1034 3095 fraudisque
1089 3015 1498 3080 nefandae
1566 3036 1825 3100 poena
1894 3013 2130 3080 erit‘?“
2199 3014 2405 3096 signis
2466 3012 2793 3078 includere

561 3123 863 3188 debebat.
955 3126 1099 3211 Qui,
1148 3147 1409 3212 quaeso,
1457 3127 1599 3192 fieri
1643 3133 1879 3212 potest,
1926 3132 1998 3191 ut
2030 3128 2189 3209 qu.,
2240 3125 2478 3210 quippe
2513 3124 2619 3207 qui
2657 3131 2793 3190 tota

561 3239 765 3304 satira
818 3240 910 3304 VI
966 3240 1368 3324 Postumum,
1438 3240 1604 3304 XIII
1652 3239 1992 3305 Caluinum
2039 3238 2430 3320 alloquatur,
2485 3238 2593 3321 VI,
2647 3238 2789 3301 161.

562 3353 712 3418 286.
781 3355 964 3438 ΧΙΙΙ,
1016 3354 1173 3438 174,
1222 3354 1264 3420 5
1311 3373 1476 3436 quae
1523 3353 2061 3435 interrogationes
2106 3370 2369 3435 prorsus
2418 3371 2453 3414 e
2500 3349 2792 3414 Postumi

563 3470 627 3529 et
675 3465 931 3530 Caluini
993 3466 1318 3532 mentibus
1379 3465 1706 3551 profluunt
1766 3464 2127 3545 quibusque
2188 3471 2258 3527 ut
2314 3463 2395 3526 ab
2456 3461 2603 3526 aliis
2648 3481 2788 3546 pro-

561 3577 712 3642 latis
783 3577 1000 3642 statim
1069 3577 1452 3662 respondet,
1523 3597 1654 3641 non
1716 3575 1799 3640 ab
1861 3575 2041 3640 hisee
2104 3573 2219 3640 sed
2281 3595 2323 3639 a
2384 3579 2587 3638 semet
2646 3573 2792 3657 ipso

561 3687 836 3772 proferri
881 3688 1131 3771 fingat?
1222 3691 1367 3755 Non
1415 3695 1514 3754 est
1558 3687 1941 3771 uerisimile,
2004 3707 2148 3752 eum
2196 3693 2259 3751 et
2303 3687 2656 3753 identidem
2706 3687 2791 3753 ad

564 3820 676 3866 eos
724 3821 794 3866 se
857 3808 1229 3866 conuertere
1291 3807 1354 3867 et
1415 3819 1636 3865 rursus
1708 3799 2011 3883 oblitum,
2083 3799 2229 3863 illos
2301 3819 2372 3864 se
2442 3799 2790 3884 adhortari,

563 3916 777 4000 ipsum
811 3935 1029 3980 seeum
1063 3915 1413 4000 disputare.
1447 3952 1536 3961 —
1581 3912 1724 3979 Etsi
1772 3913 1839 3977 in
1889 3912 2163 3994 singulis
2211 3911 2503 3995 partibus
2552 3933 2789 3996 eorum,

565 4047 730 4110 quae
776 4048 892 4112 per
936 4027 1133 4092 hasee
1183 4028 1443 4092 ultimas
1501 4026 1795 4109 pagellas
1856 4024 2361 4108 disputauimus,
2426 4024 2605 4088 loeus
2663 4045 2789 4088 non

565 4141 842 4205 dabatur
888 4141 1225 4224 monendi,
1289 4140 1449 4204 nihil
1504 4157 1767 4225 prorsus
1816 4138 2129 4202 interesse
2176 4137 2343 4200 inter
2390 4136 2639 4220 priores
2689 4157 2787 4202 sa-

565 4253 724 4317 tiras
773 4259 837 4318 et
881 4253 1300 4336 posteriores,
1364 4258 1578 4317 tamen
1641 4251 1709 4315 id
1756 4250 2027 4332 quisque
2075 4269 2155 4314 ex
2201 4249 2362 4314 loeis
2410 4268 2607 4334 supra
2654 4251 2786 4316 lau-

569 4362 740 4426 datis
788 4363 1184 4445 cognouerit.
