3284 4792
1472 381 1867 445 ..6-

546 564 1058 652 Vaticanus1)
1084 566 1458 650 prosodiam
1497 586 1580 631 ne
1608 563 1894 630 admittit
1926 562 2182 647 quidem
2208 563 2602 628 hexameter.
2675 562 2783 627 Se-

546 677 671 742 mel
717 682 970 742 tantum
1016 678 1274 763 repperi
1305 679 1700 763 quenalem,
1748 677 1817 742 id
1854 677 2026 760 quod
2049 677 2338 762 plerique
2367 676 2784 743 classicorum

544 797 882 875 poetarum
931 790 1173 876 (neque
1221 791 1290 854 id
1333 790 1582 856 minore
1630 809 1803 874 cura,
1852 809 2045 872 quam
2094 789 2352 854 omnino
2402 789 2785 854 uocabulum

545 904 613 968 in
671 903 935 969 breuem
997 904 1288 969 uocalem
1347 904 1654 970 desinens
1716 911 2108 989 anteponere
2167 902 2420 968 duabus
2483 902 2787 967 consonis

545 1015 931 1104 incipienti),
981 1017 1377 1082 committere
1412 1017 1780 1102 timuerunt,
1829 1017 2120 1082 ultimam
2159 1016 2459 1081 uocabuli
2495 1015 2786 1080 uocalem

545 1131 810 1196 breuem
870 1131 1257 1216 produxisse
1317 1138 1624 1214 sequente
1671 1130 1990 1196 uocabulo
2040 1129 2295 1195 duabus
2344 1128 2647 1194 consonis
2692 1128 2786 1192 in-

546 1243 857 1328 cipiente:
937 1244 1097 1309 VIII
1135 1245 1258 1310 107
1327 1245 1663 1311 occult&
1722 1245 2013 1329 spolia.
2128 1243 2339 1310 Semel
2398 1243 2632 1327 pedem
2692 1261 2786 1307 se-

546 1355 825 1420 cundum
872 1356 1072 1422 uerbo
1135 1357 1459 1442 dactylico
1506 1359 1763 1444 implet:
1832 1359 1916 1438 X,
1964 1360 2090 1436 331
2142 1359 2537 1424 destinat.
2588 1355 2786 1441 opti-

544 1496 717 1543 mus
762 1478 900 1543 hic
947 1482 1089 1560 etc.,
1147 1473 1320 1558 quod
1364 1480 1581 1539 tamen
1639 1463 1867 1537 uitium
1915 1479 2172 1556 praeter
2219 1469 2617 1553 antiquiores
2666 1468 2782 1534 Ca-

543 1589 739 1654 tullus
784 1608 1056 1673 quoque,
1105 1587 1433 1671 Horatius,
1484 1586 1665 1670 Cato,
1714 1585 2058 1669 Vergilius,
2106 1585 2479 1670 Propertius
2528 1582 2787 1649 commi·
2854 1565 2857 1568 ¹

545 1708 784 1768 serunt.
833 1741 920 1750 -
965 1703 1042 1768 111
1100 1700 1354 1766 duobus
1412 1705 1661 1764 tantum
1730 1698 1925 1763 rebus
1986 1697 2229 1763 maiore
2286 1696 2586 1762 libertate
2637 1714 2789 1760 usus

545 1821 662 1899 est,
713 1834 906 1896 quam
957 1814 1152 1880 ceteri
1184 1820 1420 1898 poetae
1461 1812 1795 1896 dactylici:
1844 1813 1912 1876 in
1959 1811 2256 1876 uersibus
2304 1809 2679 1894 spondiacis
2726 1815 2790 1874 et

544 1929 612 1992 in
669 1927 958 1993 hiatibus
1019 1924 1459 1992 admittendis.
1551 1926 1871 1991 Versuum
1936 1923 2105 1990 enim
2164 1921 2662 2007 spondiacorum
2725 1927 2789 1985 et
2830 2009 2834 2012 ι

543 2061 728 2108 rarus
776 2049 876 2107 est
922 2061 1077 2107 usus
1122 2039 1297 2125 apud
1341 2046 1575 2124 poetas
1612 2039 1881 2103 Latinos
1927 2042 2077 2122 post
2114 2036 2433 2101 Catullum
2480 2041 2545 2100 61
2592 2033 2786 2099 certis

545 2175 802 2240 semper
822 2154 1079 2237 legibus
1117 2153 1465 2218 adstrictus
1485 2149 1558 2238 2).
1629 2151 1825 2216 Tales
1852 2167 2080 2215 uersus
2104 2168 2233 2212 non
2258 2147 2471 2211 minus
2495 2146 2791 2210 XXXIII

547 2267 744 2332 habet
788 2266 1137 2351 quenalis,
1184 2265 1278 2330 ita
1324 2271 1561 2348 tamen,
1609 2270 1681 2328 ut
1726 2261 1862 2328 fere
1911 2280 2132 2326 omnes
2173 2260 2267 2326 eis
2302 2259 2577 2344 legibus,
2626 2279 2791 2342 quae

549 2379 725 2466 apud
771 2380 1114 2464 plerosque
1159 2383 1388 2463 poetas
1434 2377 1708 2442 Latinos
1755 2376 1975 2440 ualent
2010 2374 2537 2457 obtemperantes
2573 2372 2791 2437 uerbis

549 2491 991 2575 tetrasyllabis
1053 2497 1164 2556 aut
1220 2489 1618 2574 trissyllabis
1676 2487 2141 2554 concludantur
2199 2504 2405 2567 neque
2476 2485 2667 2550 simul
2723 2486 2789 2550 in

547 2606 716 2691 pede
741 2609 970 2686 quarto
1007 2604 1364 2688 spondeum
1399 2603 1745 2668 admittant
1791 2602 1867 2686 (I.
1896 2601 2001 2666 52.
2048 2601 2133 2685 II,
2166 2600 2311 2665 145.
2360 2600 2479 2686 ΙΙΙ,
2511 2602 2611 2665 17.
2644 2601 2789 2664 120.

548 2721 659 2804 IV,
687 2719 793 2784 53.
843 2718 1085 2802 V1,71.
1135 2717 1418 2783 80.156.
1469 2716 1618 2780 246.
1668 2715 1817 2780 296.
1867 2714 2017 2779 429.
2066 2713 2219 2778 465.
2270 2714 2419 2779 620.
2470 2714 2613 2797 VII,
2641 2713 2791 2776 218.

550 2832 727 2916 VIII,
770 2831 921 2896 218.
969 2831 1085 2913 ΙΧ,
1127 2831 1274 2894 111.
1321 2830 1405 2913 X,
1445 2828 1549 2894 88.
1594 2827 1739 2893 151.
1790 2829 1938 2893 304.
1987 2828 2137 2893 332.
2185 2828 2303 2911 XI,
2334 2827 2437 2892 68.
2489 2828 2593 2891 71.
2646 2827 2792 2890 133.

554 2946 700 3010 138.
747 2945 898 3029 ΧΠ,
940 2945 1086 3009 121.
1133 2944 1315 3028 ΧΠΙ,
1347 2944 1492 3009 191.
1539 2943 1716 3027 XIV,
1748 2942 1847 3008 15.
1894 2941 2040 3007 165.
2091 2942 2240 3006 326.
2290 2943 2441 3008 329.
2488 2942 2630 3024 XV,
2659 2941 2793 3024 36.)

493 3092 497 3096 ·
548 3061 695 3124 Duo
743 3064 993 3124 tantum
1041 3064 1191 3123 sunt
1236 3037 1484 3142 uersus,
1533 3076 1803 3139 quorum
1839 3055 1942 3121 his
1976 3055 2235 3139 legibus
2274 3055 2572 3137 migratis
2612 3054 2792 3137 alter,

549 3173 667 3256 111,
693 3172 823 3236 273
875 3177 980 3258 „et
1028 3169 1227 3236 subiti
1275 3189 1466 3235 casus
1503 3168 1925 3254 improuidus,
1974 3167 2074 3233 ad
2123 3187 2460 3232 coenam
2508 3164 2619 3230 si“
2674 3172 2792 3231 etc.

550 3283 792 3350 desinit
835 3284 903 3348 in
951 3283 1337 3348 uocabulum
1382 3283 1917 3366 monosyllabum,
1967 3280 2253 3364 alterius,
2303 3281 2379 3364 V,
2402 3280 2487 3345 38
2542 3280 2795 3367 „Helia-

551 3397 703 3462 dum
767 3403 1018 3462 crustas
1081 3404 1146 3462 et
1203 3397 1713 3480 inaequales
1785 3393 2149 3462 berullo“
2214 3401 2333 3460 etc.
2393 3401 2525 3460 tres
2587 3395 2795 3460 ultimi

550 3509 753 3595 pedes
800 3530 836 3576 e
882 3509 1090 3574 tribus
1139 3516 1437 3575 constant
1484 3509 1814 3593 spondeis.
1908 3510 2132 3590 Neque
2182 3513 2397 3572 autem
2442 3507 2566 3572 hac
2612 3507 2681 3571 in
2727 3527 2795 3573 re

549 3643 717 3688 unus
763 3623 1094 3690 quenalis
1139 3623 1637 3708 uituperandus,
1708 3622 1823 3688 sed
1871 3621 2068 3686 etiam
2113 3621 2383 3704 EnniUS,
2431 3620 2791 3703 Lucretius,

553 3735 864 3819 Catullus,
928 3737 1275 3821 Vergilius,
1342 3733 1617 3827 Ouidius
1665 3735 1778 3800 alii
1825 3733 1985 3799 talia
2032 3733 2506 3799 commiserunt.
2600 3754 2659 3798 u.
2712 3733 2789 3800 G.

549 3849 880 3914 Hermann
927 3849 1025 3914 El.
1074 3849 1274 3913 doctr.
1324 3854 1503 3914 metr.
1551 3869 1614 3932 p.
1652 3848 1801 3912 349.
1891 3849 1965 3913 L.
2014 3845 2300 3931 Mueller,
2347 3847 2449 3912 De
2495 3867 2563 3911 re
2607 3852 2792 3912 metr.

548 3982 613 4045 p.
645 3959 790 4026 145.
815 3999 904 4006 -
938 3960 1141 4026 Hiatu
1168 3960 1428 4025 omnino
1465 3959 1795 4026 abstinent
1829 3958 2094 4044 plurimi
2119 3958 2545 4043 posteriorum
2574 3965 2793 4043 poeta-

700 4236 741 4304 1)
776 4249 831 4287 u.
868 4231 1185 4286 Lachmann
1224 4231 1297 4286 ad
1332 4231 1498 4286 Lucr.
1536 4247 1592 4300 p.
1631 4231 1720 4286 37.

695 4320 741 4392 ²)
779 4338 832 4375 u.
868 4321 1086 4377 Viertcl
1120 4321 1210 4376 De
1249 4335 1432 4375 uerss.
1470 4325 1649 4389 poctt.
1687 4321 1809 4375 latt.
1850 4319 2202 4390 spondiacus,
2240 4319 2394 4388 Lips.
2436 4317 2607 4388 1863,
2642 4336 2697 4389 p.
2736 4319 2787 4374 4.
