3284 4792
1276 294 1294 311 ο
1429 297 1460 312 0-
1503 293 1551 310 σο
1683 278 1700 294 ⁸

1191 311 1206 324 “
1277 301 1701 376 ··...·.²·-·.·.2
1794 339 1880 346 —

566 485 732 552 uiter
797 483 1194 570 percurrenti
1253 483 1417 549 miro
1479 491 1891 568 argumente,
1962 484 2350 549 tractatione
2410 482 2799 568 neglegenti,

567 598 859 665 oratione
904 598 1218 681 languida
1265 598 1691 683 suspitionem
1754 618 2012 664 mouere
2068 599 2357 684 possint,
2430 598 2546 664 sed
2604 600 2799 665 etiam

566 717 872 794 quattuor
931 710 1096 776 alias
1111 762 1128 796 ,
1183 708 1361 793 'quas
1406 711 1738 776 quenalis
1799 731 1931 775 non
1993 731 2138 776 esse
2183 711 2426 776 nemini
2474 712 2797 796 adhuc-in

567 830 844 889 mentem
901 823 1108 907 uenit,
1179 822 1686 889 declamationes
1732 823 2111 908 posterioris
2159 823 2469 907 temporis
2516 824 2799 909 appella-

566 936 695 1021 uit,
760 936 1098 1001 consilium
1163 936 1340 1022 cepi,
1411 942 1482 1000 ut
1526 935 1594 1000 in
1640 935 1812 1000 hanc
1856 955 2020 1019 rem,
2091 939 2399 1018 quantum
2458 957 2572 1021 per
2626 937 2799 1002 uires

565 1069 746 1114 meas
792 1050 1044 1133 liceret,
1093 1049 1502 1132 inquirerem.
1589 1051 1817 1132 Neque
1863 1069 1966 1114 me
2011 1048 2273 1134 fefellit,
2321 1050 2512 1115 huius
2561 1051 2799 1134 disqui-

567 1161 825 1227 sitionis
883 1161 1295 1229 difficultates
1357 1183 1437 1228 ea
1497 1183 1566 1228 re
1626 1163 1859 1228 mirum
1918 1169 2227 1246 quantum
2298 1164 2557 1248 augeri,
2624 1161 2800 1246 'quod

567 1274 965 1341 Ribbeckius
1027 1295 1294 1360 causas,
1356 1275 1589 1356 quibus
1647 1282 1976 1360 permotus
2032 1276 2402 1341 quenalem
2465 1282 2800 1361 tantopere

568 1386 1094 1453 transformatum
1139 1407 1349 1470 neque
1408 1388 1540 1453 iam
1602 1388 1703 1453 sui
1767 1388 2041 1453 similem
2098 1387 2467 1472 edidisset„
2504 1411 2630 1454 non
2695 1412 2796 1456 ex-

567 1501 816 1587 posuit,
863 1501 993 1566 nisi
1041 1502 1213 1584 quod
1258 1502 1323 1566 in
1371 1501 1574 1588 praef.
1625 1503 1957 1587 exemplar
2003 1501 2363 1587 quoddam,
2427 1502 2596 1584 quod
2645 1524 2799 1568 casu

570 1612 698 1678 sibi
744 1614 812 1678 in
858 1634 1088 1680 manus
1133 1613 1499 1698 incidisset,
1546 1614 1922 1679 quenalem
1965 1613 2061 1678 ita
2097 1613 2470 1680 exhibuisse
2502 1616 2677 1681 dicit.
2711 1655 2797 1663 —-

568 1727 750 1791 Haec
812 1732 1027 1792 autem
1096 1727 1206 1793 uia
1273 1726 1432 1792 mihi
1500 1726 1931 1810 ingredienda
2000 1732 2169 1810 erat,
2241 1733 2310 1791 ut
2374 1749 2453 1794 ex
2514 1729 2799 1814 ipsarum

568 1838 709 1902 qu.
761 1839 1104 1904 satirarum
1150 1838 1397 1923 indole,
1467 1839 1623 1922 quid
1686 1839 1767 1904 de
1814 1823 2175 1905 'Ribbeckii
2222 1840 2801 1908 declamationibus

573 1949 750 2034 (nam
799 1951 880 2016 de
927 1953 1225 2018 omnibus
1273 1952 1763 2019 Ribbeckianae
1815 1954 2121 2020 editionis
2166 1956 2635 2022 mutationibus
2681 1977 2801 2022 nos

572 2061 906 2146 disputare
973 2071 1153 2129 uetat
1221 2065 1537 2131 eiusmodi
1609 2065 2137 2132 dissertationum
2207 2068 2516 2156 ambitus)
2604 2069 2800 2135 statui

571 2180 827 2260 posset,
889 2176 1067 2242 hisce
1127 2178 1404 2262 pagellis
1464 2199 1871 2264 exponerem.
1974 2180 2138 2245 Dico
2187 2201 2267 2246 ex
2312 2181 2600 2266 ipsarum
2650 2183 2802 2247 sati-

573 2307 788 2351 rarum
834 2287 1081 2375 indole,
1152 2290 1323 2373 quod
1383 2312 1617 2357 causas
1665 2301 1995 2379 externas,
2066 2294 2301 2377 quibus
2346 2295 2642 2360 quenali
2685 2315 2801 2361 eas

572 2398 789 2487 possis
850 2404 1198 2490 abrogare,
1269 2405 1528 2472 omnino
1598 2406 1827 2472 deesse
1895 2407 1964 2472 in
2022 2407 2365 2492 propatulo
2427 2413 2543 2473 est.
2636 2409 2801 2473 Nam

578 2517 752 2600 quod
798 2517 986 2583 Ribb.
1037 2518 1117 2583 de
1165 2517 1387 2584 codice
1434 2519 1652 2602 aliquo
1689 2520 1983 2606 antiquo,
2033 2541 2223 2603 quem
2271 2520 2601 2606 exemplar
2645 2518 2801 2582 illud

576 2631 810 2695 mirum
858 2636 1148 2695 secutum
1195 2651 1338 2696 esse
1384 2638 1598 2716 putat,
1651 2633 2050 2718 suspicatur,
2110 2632 2179 2697 id
2226 2633 2401 2697 omni
2447 2629 2803 2697 uerisimili-

576 2742 822 2809 tudinis
892 2744 1110 2829 specie
1179 2744 1551 2810 destitutum
1623 2745 1782 2810 mihi
1852 2745 2108 2811 uidetur
2177 2766 2339 2811 esse.
2444 2745 2529 2810 Vt
2590 2751 2805 2810 autem

577 2855 1017 2938 unusquisque
1055 2856 1258 2922 codex
1292 2878 1514 2924 omnes
1545 2858 1705 2923 XVI
1752 2859 1990 2924 satiras
2037 2865 2297 2924 nostrae
2343 2857 2545 2923 aetati
2590 2857 2805 2941 tradit,

579 2969 676 3033 ita
723 2968 1048 3035 ueteribus
1096 2989 1348 3053 quoque
1395 2970 1784 3055 constitisse,
1833 2969 2027 3035 hasce
2061 2971 2208 3035 XVl
2244 2991 2285 3035 a
2316 2970 2623 3035 quenale
2663 2988 2807 3034 esse

587 3082 898 3168 scriptas,
945 3082 1097 3148 inde
1143 3089 1442 3168 apparet,
1506 3082 1680 3165 quod
1727 3089 1791 3148 et
1837 3082 2239 3164 grammatici
2285 3081 2565 3164 antiqui,
2625 3103 2809 3166 prae-

581 3195 770 3281 cipue
819 3196 1084 3261 Seruius
1132 3202 1195 3261 et
1239 3195 1614 3261 Priscianus
1677 3215 1757 3260 ex
1809 3193 2105 3259 omnibus
2150 3193 2308 3258 XVI
2356 3213 2581 3258 uersus
2627 3193 2808 3258 que-

579 3309 749 3374 nalis
795 3307 1054 3374 nomine
1097 3308 1368 3372 laudant
1412 3327 1620 3390 neque
1666 3307 1781 3371 ulli
1815 3306 2043 3371 harum
2080 3306 2239 3371 XVI
2285 3304 2532 3370 scholia
2578 3303 2811 3370 desunt

577 3420 970 3505 Pithoeana,
1019 3440 1185 3502 quae
1232 3426 1506 3486 exeunte
1555 3440 1723 3485 saec.
1773 3421 1862 3485 IV
1910 3424 2021 3484 aut
2056 3418 2318 3484 ineunte
2350 3418 2407 3483 V
2444 3418 2813 3502 conscripta

582 3553 726 3598 esse
771 3532 947 3598 haud
992 3532 1186 3619 pauci
1229 3533 1356 3597 loci
1405 3532 1545 3596 sine
1592 3531 1789 3597 dubio
1840 3529 2204 3596 ostendunt.
2275 3532 2557 3595 Tantum
2594 3536 2810 3594 autem

582 3645 803 3730 abest,
863 3651 935 3709 ut
991 3645 1120 3709 ulla
1165 3665 1270 3710 res
1315 3643 1384 3709 in
1431 3645 1523 3709 VI
1569 3643 1811 3708 ultimis
1858 3643 2077 3707 satiris
2126 3648 2654 3709 commemoretur
2700 3647 2812 3706 aut

584 3763 914 3841 tangatur,
963 3777 1130 3839 quae
1175 3755 1496 3840 posterius
1541 3755 1851 3821 quenale
1897 3762 2153 3840 tempus
2195 3755 2465 3838 indicet,
2527 3760 2597 3817 ut
2644 3773 2810 3818 com-

581 3869 798 3954 plures
845 3869 969 3934 loci
1018 3868 1175 3954 (XI,
1231 3870 1288 3933 1.
1334 3869 1504 3953 XII,
1555 3867 1661 3952 75,
1713 3887 1798 3933 ss.
1846 3868 2044 3951 XIII,
2099 3869 2200 3932 17.
2248 3866 2405 3949 XV,
2454 3865 2590 3951 27.)
2638 3865 2813 3929 nullo

583 3982 713 4047 alio
771 3981 900 4046 nisi
963 3981 1290 4046 quenalis
1351 3988 1640 4066 tempore
1710 4001 1823 4046 eas
1893 3988 2069 4046 ortas
2138 4000 2283 4047 esse
2353 3980 2813 4044 demonstrent.

584 4095 858 4158 Restant
901 4092 1100 4175 igitur
1149 4092 1387 4158 satirae
1433 4092 1654 4177 ipsae,
1717 4092 1952 4175 quibus
1999 4097 2299 4157 accurate
2344 4091 2705 4176 perspectis
2753 4098 2817 4156 et

584 4205 752 4270 inter
799 4223 869 4268 se
917 4204 1309 4288 comparatis
1357 4205 1479 4271 etsi
1525 4225 1655 4268 non
1701 4211 1915 4290 potest
1974 4203 2221 4288 euinci,
2286 4202 2571 4267 omnium
2622 4224 2816 4268 unum
