3284 4792
1448 413 1534 420 -
1626 372 1669 437 5
1758 412 1846 420 ..-

529 556 718 620 huius
775 556 1141 622 anomaliae
1201 557 1637 641 exemplorum
1698 576 1894 620 unum
1955 562 2203 621 tantum
2250 554 2388 620 iure
2436 577 2579 621 eum
2627 556 2759 620 lau-

530 668 722 734 dasse
764 669 1082 734 concedo:
1129 669 1256 753 III,
1298 670 1448 752 232,
1490 669 1602 734 ubi
1650 668 2059 752 uigilando
2106 667 2289 733 breui
2335 667 2561 733 ultima
2604 668 2759 751 legi-

528 803 690 848 mus.
780 783 1059 848 Causam
1108 783 1300 848 huius
1349 783 1522 867 uitii,
1587 782 1760 864 quod
1806 782 1874 846 in
1922 782 2208 847 Senecae
2255 800 2535 868 quoque,
2595 800 2761 862 quae

529 897 854 982 dicuntur,
913 895 1271 978 tragoediis
1333 896 1640 980 occurrit,
1717 915 1861 960 cum
1930 892 2347 978 uincendo,
2418 894 2758 977 lugendo

528 1011 914 1094 praebeant,
986 1007 1176 1073 facile
1223 1008 1693 1092 intellegimus,
1767 1008 1822 1072 si
1871 1006 2387 1090 consideramus,
2450 1029 2485 1072 o
2545 1007 2759 1074 finalis

529 1123 996 1206 correptionem
1046 1140 1188 1185 cum
1235 1140 1438 1203 usque
1478 1120 1561 1186 ad
1597 1121 1960 1203 Augustum
2005 1119 2073 1183 in
2120 1119 2462 1206 perpaucis
2510 1124 2759 1184 tantum

527 1234 896 1299 nominibus
943 1241 1008 1299 et
1053 1233 1271 1299 uerbis
1319 1234 1492 1319 apud
1539 1240 1769 1319 poetas
1816 1233 2199 1319 reperiatur,
2265 1232 2417 1297 inde
2478 1231 2562 1297 ab
2620 1231 2759 1296 eius

526 1357 814 1434 tempore
861 1347 945 1414 ad
995 1348 1213 1412 omnia
1271 1345 1405 1433 fiere
1463 1347 1757 1431 nomina,
1821 1347 2053 1430 uerba,
2119 1344 2433 1411 aduerbia
2476 1342 2544 1407 in
2590 1342 2759 1408 hanc

525 1461 812 1525 uocalem
875 1461 1180 1526 exeuntia
1238 1460 1576 1544 paullatim
1639 1459 1961 1543 progredi.
2065 1458 2224 1524 Cum
2283 1457 2482 1523 etiam
2539 1478 2757 1523 eorum

525 1574 976 1640 aduerbiorum
1022 1574 1091 1639 in
1132 1594 1168 1637 o
1208 1572 1673 1664 desinentium,
1723 1592 1889 1655 quae
1925 1578 1989 1637 et
2026 1571 2236 1636 forma
2275 1578 2337 1637 et
2370 1571 2759 1656 significatio

523 1688 847 1753 ablatiuos
887 1708 1031 1754 esse
1069 1687 1435 1772 ostendunt,
1472 1687 1698 1751 ultima
1738 1686 1990 1770 syllaba
2014 1685 2118 1751 his
2142 1686 2541 1772 temporibus
2568 1685 2757 1751 corri-

521 1807 798 1885 peretur,
856 1800 1108 1865 facilior
1153 1801 1285 1865 iam
1332 1807 1470 1865 erat
1514 1799 1826 1864 transitus
1872 1799 1958 1864 ad
2004 1798 2432 1865 ablatiuorum
2481 1823 2517 1866 o
2565 1801 2757 1867 finale

523 1913 1016 1999 corripiendum.
1110 1912 1542 1979 Nihilominus
1589 1911 1871 1994 quinque
1904 1918 2154 1977 tantum
2188 1912 2379 1978 huius
2412 1914 2755 1998 correptio-

523 2027 625 2091 nis
671 2026 971 2106 exempla
1017 2026 1204 2091 affert
1249 2027 1322 2090 L.
1361 2025 1650 2108 Mueller,
1697 2025 1807 2107 qui
1854 2024 1939 2090 ad
1986 2044 2083 2108 ea,
2131 2044 2297 2107 quae
2345 2045 2541 2112 supra
2588 2046 2755 2092 com-

524 2140 877 2204 memoraui
924 2136 1420 2205 mulcendo
1468 2144 1718 2203 tantum
1766 2144 1829 2203 et
1873 2121 2316 2222 laudando,
2364 2157 2529 2221 quae
2580 2138 2756 2223 apud

524 2251 978 2316 Nemesianum
1014 2252 1438 2336 reperiuntur,
1484 2250 1793 2316 accedere
1835 2249 2012 2314 dicit.
2054 2287 2140 2296 —-
2176 2249 2279 2314 Ad
2314 2249 2754 2334 uigilando

522 2364 679 2428 illud
725 2365 854 2430 alia
901 2364 1224 2446 quaedam
1271 2363 1607 2447 accedunt,
1666 2368 1929 2448 propter
1975 2382 2141 2445 quae
2187 2360 2464 2428 fortasse
2513 2361 2753 2428 dixeris

523 2476 892 2541 quenalem
965 2496 1189 2541 uersus
1257 2476 1680 2558 neglegenter
1757 2474 2218 2558 composuisse.
2328 2472 2458 2539 Sed
2528 2475 2754 2539 horum

520 2609 822 2654 numerus
867 2609 1012 2654 cum
1061 2590 1146 2654 sit
1191 2590 1582 2674 perexiguus
1631 2595 1694 2654 et
1742 2588 1981 2682 similia
2028 2588 2223 2677 etiam
2263 2588 2438 2672 apud
2480 2588 2757 2673 optimos

517 2708 744 2785 poetas
792 2701 1038 2786 uideaS,
1083 2701 1455 2767 quenalem
1504 2701 1642 2766 iure
1688 2700 1756 2766 in
1794 2701 1920 2766 hoc
1950 2701 2190 2766 crimen
2226 2700 2447 2766 uocari
2496 2701 2755 2767 omnino

517 2834 706 2896 nego,
801 2814 872 2880 Si
933 2815 1298 2899 Eponam
1343 2814 1462 2902 (cf.
1521 2815 1835 2880 Prudent.
1882 2813 2119 2900 Apoth.
2177 2813 2335 2898 197)
2381 2813 2555 2898 VIII,
2608 2813 2754 2895 157,

518 2926 928 2991 Vaticano
975 2926 1083 3009 VI,
1125 2927 1274 3010 344,
1323 2926 1379 2990 si
1424 2926 1501 3010 V,
1539 2925 1626 2990 45
1677 2931 1743 2990 et
1787 2926 1877 2991 VI
1911 2927 2075 2992 278:
2124 2925 2425 3011 poner5
2481 2932 2546 2992 et
2590 2925 2757 2992 tibi‘

518 3044 668 3104 ante
730 3040 1160 3124 zelotypus
1223 3040 1518 3125 scripsit,
1581 3039 1807 3104 horum
1865 3039 2349 3105 excusationem
2418 3038 2625 3104 habes
2684 3038 2752 3104 in

519 3171 614 3235 e0,
663 3152 835 3232 quod
896 3152 1226 3217 nominum
1287 3152 1693 3237 propriorum
1742 3158 1807 3217 et
1864 3152 2325 3218 uocabulorum
2373 3171 2751 3234 graecorum

517 3263 778 3328 liberior
845 3263 913 3329 in
983 3264 1280 3331 uersibus
1353 3271 1452 3330 est
1517 3284 1693 3348 usus,
1778 3264 2108 3347 uulgarem
2170 3271 2385 3330 autem
2453 3264 2749 3330 uocabuli

517 3509 645 3564 sich
698 3525 814 3563 von
870 3508 998 3562 dem
1051 3509 1364 3562 erb‘rterten
1417 3505 1872 3575 Gesichtspunkt
1927 3521 2037 3560 aus
2084 3507 2233 3561 auch
2282 3505 2387 3561 der
2420 3509 2749 3577 proceleus-

517 3597 805 3652 maticus:
843 3595 1296 3664 strigilibus,
1335 3595 1440 3649 der
1477 3594 1602 3649 sich
1638 3596 1794 3648 nach
1827 3596 1989 3649 Jahn
2027 3595 2093 3649 in
2127 3596 2241 3652 den
2280 3595 2410 3651 MS.
2448 3596 2537 3649 Ρω
2570 3597 2751 3668 findet

517 3688 640 3742 und
680 3686 806 3740 sich
854 3686 921 3740 in
957 3685 1068 3739 den
1103 3684 1695 3753 vorpz’thoeanz’schen
1730 3684 2039 3756 Ausqaben
2076 3685 2339 3739 erhielt.“
2397 3686 2540 3738 Tum
2577 3685 2748 3755 igitur

515 3775 637 3831 ficri
660 3790 833 3844 posse
854 3773 1018 3828 nobis
1041 3771 1339 3840 constabit,
1377 3777 1440 3826 ut
1465 3772 1770 3841 quenalis,
1802 3773 1954 3842 quod
1986 3789 2149 3827 nemo
2180 3789 2425 3843 unquam
2444 3779 2620 3843 poeta
2637 3774 2745 3828 Ro·

522 3881 724 3919 manus
763 3861 1057 3930 commisit,
1097 3860 1252 3930 quod
1287 3861 1483 3915 unicae
1523 3860 1721 3916 Sortes
1757 3862 1885 3915 illae
1924 3861 2094 3934 (quae
2128 3863 2385 3931 quamuis
2417 3862 2747 3934 hexametri,

519 3953 866 4022 compositae
907 3956 1041 4006 sunt
1078 3967 1146 4006 ea
1183 3951 1430 4020 rat-ione,
1482 3967 1595 4020 qua
1641 3951 1879 4006 Plautus
1930 3955 1989 4006 et
2024 3949 2325 4007 Terentius
2364 3969 2567 4007 uersus
2608 3968 2745 4008 suos

517 4039 978 4111 composuerunt)
1016 4030 1348 4108 ostendunt}
1379 4040 1435 4094 in
1473 4040 1802 4095 hexametro
1835 4041 1986 4096 arsin
2015 4041 2071 4094 in
2096 4041 2239 4096 duas
2261 4040 2469 4096 breues
2494 4040 2743 4096 soluerit.

516 4132 690 4200 Puto,
737 4131 785 4186 si
834 4130 948 4184 ulla
995 4129 1102 4182 alia
1139 4129 1194 4182 in
1235 4144 1319 4196 re,
1370 4129 1424 4182 in
1464 4146 1523 4184 re
1562 4130 1795 4184 metrica
1833 4129 2042 4184 dictum
2080 4129 2215 4184 illud
2252 4145 2485 4184 aureum
2522 4129 2742 4183 Horatii

517 4221 735 4275 ualere:
931 4219 1040 4273 Est
1076 4218 1276 4272 modus
1314 4218 1369 4271 in
1405 4217 1594 4288 rebus,
1634 4222 1768 4274 sunt
1805 4219 1943 4274 certi
1981 4219 2222 4288 denique
2260 4217 2421 4288 fines,

942 4323 1086 4378 quos
1124 4310 1273 4363 ultra
1308 4309 1532 4378 citaque
1569 4309 1770 4378 nequit
1803 4308 2117 4364 consistere
2154 4313 2386 4364 rectum.
