<?xml version="1.0" encoding="UTF-8"?>
<!DOCTYPE html PUBLIC "-//W3C//DTD XHTML 1.0 Transitional//EN"
    "http://www.w3.org/TR/xhtml1/DTD/xhtml1-transitional.dtd">
<html xmlns="http://www.w3.org/1999/xhtml" xml:lang="en" lang="en">
 <head>
  <title>
</title>
<meta http-equiv="Content-Type" content="text/html;charset=utf-8" />
  <meta name='ocr-system' content='tesseract 3.04.00' />
  <meta name='ocr-capabilities' content='ocr_page ocr_carea ocr_par ocr_line ocrx_word'/>
</head>
<body>
  <div class='ocr_page' id='page_1' title='image "./vindiciaeivvena00unkngoog_0054.png"; bbox 0 0 3284 4792; ppageno 0'>
   <div class='ocr_carea' id='block_1_1' title="bbox 1475 352 1919 416">
    <p class='ocr_par' dir='ltr' id='par_1_1' title="bbox 1475 352 1919 416">
     <span class='ocr_line' id='line_1_1' title="bbox 1475 352 1919 416; baseline -0.002 -16"><span class='ocrx_word' id='word_1_1' title='bbox 1475 352 1919 416; x_wconf 75' lang='lat'>..44—</span> 
     </span>
    </p>
   </div>
   <div class='ocr_carea' id='block_1_2' title="bbox 573 533 2817 3100">
    <p class='ocr_par' dir='ltr' id='par_1_2' title="bbox 573 533 2817 3100">
     <span class='ocr_line' id='line_1_2' title="bbox 751 533 2816 621; baseline -0.002 -19"><span class='ocrx_word' id='word_1_2' title='bbox 751 537 982 602; x_wconf 89' lang='lat' dir='ltr'>Restat</span> <span class='ocrx_word' id='word_1_3' title='bbox 1007 556 1196 621; x_wconf 86' lang='lat' dir='ltr'>nunc,</span> <span class='ocrx_word' id='word_1_4' title='bbox 1245 541 1316 601; x_wconf 88' lang='lat' dir='ltr'>ut</span> <span class='ocrx_word' id='word_1_5' title='bbox 1337 554 1745 620; x_wconf 87' lang='lat' dir='ltr'>quaeramus,</span> <span class='ocrx_word' id='word_1_6' title='bbox 1790 553 1945 598; x_wconf 91' lang='lat' dir='ltr'>num</span> <span class='ocrx_word' id='word_1_7' title='bbox 1972 533 2052 599; x_wconf 93' lang='lat' dir='ltr'>de</span> <span class='ocrx_word' id='word_1_8' title='bbox 2087 533 2279 599; x_wconf 87' lang='lat' dir='ltr'>rebus</span> <span class='ocrx_word' id='word_1_9' title='bbox 2314 533 2617 599; x_wconf 89' lang='lat' dir='ltr'>humanis</span> <span class='ocrx_word' id='word_1_10' title='bbox 2649 533 2816 598; x_wconf 91' lang='lat' dir='ltr'>inter</span> 
     </span>
     <span class='ocr_line' id='line_1_3' title="bbox 574 646 2817 733; baseline 0 -21"><span class='ocrx_word' id='word_1_11' title='bbox 574 649 824 733; x_wconf 83' lang='lat' dir='ltr'>priores</span> <span class='ocrx_word' id='word_1_12' title='bbox 871 649 1108 714; x_wconf 90' lang='lat' dir='ltr'>satiras</span> <span class='ocrx_word' id='word_1_13' title='bbox 1155 655 1222 714; x_wconf 94' lang='lat' dir='ltr'>et</span> <span class='ocrx_word' id='word_1_14' title='bbox 1264 649 1657 733; x_wconf 80' lang='lat' dir='ltr'>posteriores</span> <span class='ocrx_word' id='word_1_15' title='bbox 1696 647 2019 712; x_wconf 79' lang='lat' dir='ltr'>dissensio</span> <span class='ocrx_word' id='word_1_16' title='bbox 2075 646 2451 712; x_wconf 78' lang='lat' dir='ltr'>intercedat.</span> <span class='ocrx_word' id='word_1_17' title='bbox 2526 646 2713 724; x_wconf 85' lang='lat' dir='ltr'>Quod</span> <span class='ocrx_word' id='word_1_18' title='bbox 2747 652 2817 712; x_wconf 82' lang='lat' dir='ltr'>ut</span> 
     </span>
     <span class='ocr_line' id='line_1_4' title="bbox 575 760 2815 846; baseline -0.001 -19"><span class='ocrx_word' id='word_1_19' title='bbox 575 761 786 827; x_wconf 89' lang='lat' dir='ltr'>adhuc</span> <span class='ocrx_word' id='word_1_20' title='bbox 831 783 1017 828; x_wconf 90' lang='lat' dir='ltr'>nemo</span> <span class='ocrx_word' id='word_1_21' title='bbox 1059 761 1408 846; x_wconf 80' lang='lat' dir='ltr'>contendit,</span> <span class='ocrx_word' id='word_1_22' title='bbox 1454 762 1549 826; x_wconf 89' lang='lat' dir='ltr'>ita</span> <span class='ocrx_word' id='word_1_23' title='bbox 1586 761 1745 826; x_wconf 90' lang='lat' dir='ltr'>mihi</span> <span class='ocrx_word' id='word_1_24' title='bbox 1778 762 2143 827; x_wconf 79' lang='lat' dir='ltr'>accuratius</span> <span class='ocrx_word' id='word_1_25' title='bbox 2179 761 2415 826; x_wconf 87' lang='lat' dir='ltr'>satiras</span> <span class='ocrx_word' id='word_1_26' title='bbox 2453 760 2815 845; x_wconf 79' lang='lat' dir='ltr'>perlegenti</span> 
     </span>
     <span class='ocr_line' id='line_1_5' title="bbox 575 874 2811 958; baseline 0 -21"><span class='ocrx_word' id='word_1_27' title='bbox 575 878 824 938; x_wconf 85' lang='lat' dir='ltr'>tantum</span> <span class='ocrx_word' id='word_1_28' title='bbox 850 874 1055 958; x_wconf 87' lang='lat' dir='ltr'>abest,</span> <span class='ocrx_word' id='word_1_29' title='bbox 1097 883 1167 938; x_wconf 89' lang='lat' dir='ltr'>ut</span> <span class='ocrx_word' id='word_1_30' title='bbox 1195 875 1521 940; x_wconf 88' lang='lat' dir='ltr'>diuersum</span> <span class='ocrx_word' id='word_1_31' title='bbox 1556 874 1781 939; x_wconf 88' lang='lat' dir='ltr'>harum</span> <span class='ocrx_word' id='word_1_32' title='bbox 1810 893 1954 940; x_wconf 91' lang='lat' dir='ltr'>esse</span> <span class='ocrx_word' id='word_1_33' title='bbox 1986 881 2311 939; x_wconf 89' lang='lat' dir='ltr'>auctorem</span> <span class='ocrx_word' id='word_1_34' title='bbox 2341 879 2535 956; x_wconf 90' lang='lat' dir='ltr'>atque</span> <span class='ocrx_word' id='word_1_35' title='bbox 2558 874 2811 939; x_wconf 88' lang='lat' dir='ltr'>illarum</span> 
     </span>
     <span class='ocr_line' id='line_1_6' title="bbox 574 985 2811 1071; baseline 0 -22"><span class='ocrx_word' id='word_1_36' title='bbox 574 985 643 1050; x_wconf 92' lang='lat' dir='ltr'>in</span> <span class='ocrx_word' id='word_1_37' title='bbox 689 986 1115 1071; x_wconf 90' lang='lat' dir='ltr'>suspitionem</span> <span class='ocrx_word' id='word_1_38' title='bbox 1163 987 1440 1070; x_wconf 92' lang='lat' dir='ltr'>uenerit,</span> <span class='ocrx_word' id='word_1_39' title='bbox 1488 993 1585 1070; x_wconf 92' lang='lat' dir='ltr'>ut,</span> <span class='ocrx_word' id='word_1_40' title='bbox 1633 986 1693 1050; x_wconf 90' lang='lat' dir='ltr'>si</span> <span class='ocrx_word' id='word_1_41' title='bbox 1738 986 1909 1052; x_wconf 87' lang='lat' dir='ltr'>aliae</span> <span class='ocrx_word' id='word_1_42' title='bbox 1956 1004 2195 1052; x_wconf 90' lang='lat' dir='ltr'>causae</span> <span class='ocrx_word' id='word_1_43' title='bbox 2244 1006 2389 1051; x_wconf 89' lang='lat' dir='ltr'>eam</span> <span class='ocrx_word' id='word_1_44' title='bbox 2436 985 2811 1071; x_wconf 89' lang='lat' dir='ltr'>mouissent,</span> 
     </span>
     <span class='ocr_line' id='line_1_7' title="bbox 573 1097 2811 1184; baseline 0.001 -23"><span class='ocrx_word' id='word_1_45' title='bbox 573 1097 712 1163; x_wconf 91' lang='lat' dir='ltr'>iure</span> <span class='ocrx_word' id='word_1_46' title='bbox 758 1118 840 1164; x_wconf 88' lang='lat' dir='ltr'>ea</span> <span class='ocrx_word' id='word_1_47' title='bbox 868 1098 1017 1183; x_wconf 88' lang='lat' dir='ltr'>ipsa</span> <span class='ocrx_word' id='word_1_48' title='bbox 1052 1119 1158 1165; x_wconf 88' lang='lat' dir='ltr'>res</span> <span class='ocrx_word' id='word_1_49' title='bbox 1193 1100 1425 1164; x_wconf 88' lang='lat' dir='ltr'>summi</span> <span class='ocrx_word' id='word_1_50' title='bbox 1451 1099 1537 1164; x_wconf 88' lang='lat' dir='ltr'>ad</span> <span class='ocrx_word' id='word_1_51' title='bbox 1573 1120 1717 1166; x_wconf 87' lang='lat' dir='ltr'>eam</span> <span class='ocrx_word' id='word_1_52' title='bbox 1754 1098 2259 1184; x_wconf 89' lang='lat' dir='ltr'>oppugnandam</span> <span class='ocrx_word' id='word_1_53' title='bbox 2284 1098 2592 1164; x_wconf 89' lang='lat' dir='ltr'>momenti</span> <span class='ocrx_word' id='word_1_54' title='bbox 2616 1106 2811 1164; x_wconf 89' lang='lat' dir='ltr'>esset.</span> 
     </span>
     <span class='ocr_line' id='line_1_8' title="bbox 577 1210 2814 1299; baseline -0 -23"><span class='ocrx_word' id='word_1_55' title='bbox 577 1211 653 1276; x_wconf 91' lang='lat' dir='ltr'>Id</span> <span class='ocrx_word' id='word_1_56' title='bbox 701 1212 873 1295; x_wconf 92' lang='lat' dir='ltr'>quod</span> <span class='ocrx_word' id='word_1_57' title='bbox 921 1213 1306 1299; x_wconf 88' lang='lat' dir='ltr'>saepissime</span> <span class='ocrx_word' id='word_1_58' title='bbox 1354 1219 1417 1279; x_wconf 89' lang='lat' dir='ltr'>et</span> <span class='ocrx_word' id='word_1_59' title='bbox 1454 1220 1522 1276; x_wconf 91' lang='lat' dir='ltr'>ut</span> <span class='ocrx_word' id='word_1_60' title='bbox 1569 1213 1850 1277; x_wconf 81' lang='lat' dir='ltr'>maxime</span> <span class='ocrx_word' id='word_1_61' title='bbox 1890 1210 2028 1276; x_wconf 89' lang='lat' dir='ltr'>eius</span> <span class='ocrx_word' id='word_1_62' title='bbox 2064 1211 2395 1296; x_wconf 89' lang='lat' dir='ltr'>proprium</span> <span class='ocrx_word' id='word_1_63' title='bbox 2438 1230 2814 1277; x_wconf 90' lang='lat' dir='ltr'>commemo-</span> 
     </span>
     <span class='ocr_line' id='line_1_9' title="bbox 576 1323 2815 1408; baseline 0 -20"><span class='ocrx_word' id='word_1_64' title='bbox 576 1330 771 1408; x_wconf 82' lang='lat' dir='ltr'>ratur,</span> <span class='ocrx_word' id='word_1_65' title='bbox 811 1344 1127 1390; x_wconf 88' lang='lat' dir='ltr'>summum</span> <span class='ocrx_word' id='word_1_66' title='bbox 1154 1325 1294 1390; x_wconf 91' lang='lat' dir='ltr'>eius</span> <span class='ocrx_word' id='word_1_67' title='bbox 1318 1325 1386 1390; x_wconf 91' lang='lat' dir='ltr'>in</span> <span class='ocrx_word' id='word_1_68' title='bbox 1420 1325 1723 1390; x_wconf 84' lang='lat' dir='ltr'>mulieres</span> <span class='ocrx_word' id='word_1_69' title='bbox 1756 1331 1853 1390; x_wconf 86' lang='lat' dir='ltr'>est</span> <span class='ocrx_word' id='word_1_70' title='bbox 1885 1323 2123 1388; x_wconf 90' lang='lat' dir='ltr'>odium.</span> <span class='ocrx_word' id='word_1_71' title='bbox 2192 1325 2417 1405; x_wconf 86' lang='lat' dir='ltr'>Neque</span> <span class='ocrx_word' id='word_1_72' title='bbox 2442 1325 2535 1390; x_wconf 95' lang='lat' dir='ltr'>VI</span> <span class='ocrx_word' id='word_1_73' title='bbox 2565 1331 2815 1390; x_wconf 89' lang='lat' dir='ltr'>tantum</span> 
     </span>
     <span class='ocr_line' id='line_1_10' title="bbox 577 1436 2815 1523; baseline -0.001 -21"><span class='ocrx_word' id='word_1_74' title='bbox 577 1438 780 1503; x_wconf 89' lang='lat' dir='ltr'>satira</span> <span class='ocrx_word' id='word_1_75' title='bbox 811 1439 1070 1503; x_wconf 87' lang='lat' dir='ltr'>unicum</span> <span class='ocrx_word' id='word_1_76' title='bbox 1117 1438 1256 1504; x_wconf 90' lang='lat' dir='ltr'>eius</span> <span class='ocrx_word' id='word_1_77' title='bbox 1310 1445 1410 1503; x_wconf 90' lang='lat' dir='ltr'>est</span> <span class='ocrx_word' id='word_1_78' title='bbox 1454 1436 1915 1523; x_wconf 88' lang='lat' dir='ltr'>testimonium,</span> <span class='ocrx_word' id='word_1_79' title='bbox 1964 1436 2082 1501; x_wconf 89' lang='lat' dir='ltr'>sed</span> <span class='ocrx_word' id='word_1_80' title='bbox 2125 1436 2425 1520; x_wconf 90' lang='lat' dir='ltr'>permulti</span> <span class='ocrx_word' id='word_1_81' title='bbox 2460 1442 2815 1502; x_wconf 88' lang='lat' dir='ltr'>ceterarum</span> 
     </span>
     <span class='ocr_line' id='line_1_11' title="bbox 577 1549 2815 1636; baseline -0.001 -21"><span class='ocrx_word' id='word_1_82' title='bbox 577 1570 830 1633; x_wconf 88' lang='lat' dir='ltr'>quoque</span> <span class='ocrx_word' id='word_1_83' title='bbox 869 1550 1210 1618; x_wconf 89' lang='lat' dir='ltr'>satirarum</span> <span class='ocrx_word' id='word_1_84' title='bbox 1240 1550 1385 1636; x_wconf 88' lang='lat' dir='ltr'>loci,</span> <span class='ocrx_word' id='word_1_85' title='bbox 1424 1551 1536 1617; x_wconf 91' lang='lat' dir='ltr'>ubi</span> <span class='ocrx_word' id='word_1_86' title='bbox 1569 1558 1631 1617; x_wconf 92' lang='lat' dir='ltr'>et</span> <span class='ocrx_word' id='word_1_87' title='bbox 1667 1551 1733 1616; x_wconf 94' lang='lat' dir='ltr'>in</span> <span class='ocrx_word' id='word_1_88' title='bbox 1761 1551 2163 1633; x_wconf 87' lang='lat' dir='ltr'>singularum</span> <span class='ocrx_word' id='word_1_89' title='bbox 2183 1549 2567 1616; x_wconf 88' lang='lat' dir='ltr'>feminarum</span> <span class='ocrx_word' id='word_1_90' title='bbox 2608 1549 2815 1614; x_wconf 91' lang='lat' dir='ltr'>malos</span> 
     </span>
     <span class='ocr_line' id='line_1_12' title="bbox 575 1661 2815 1748; baseline -0.001 -22"><span class='ocrx_word' id='word_1_91' title='bbox 575 1682 787 1727; x_wconf 89' lang='lat' dir='ltr'>mores</span> <span class='ocrx_word' id='word_1_92' title='bbox 813 1663 890 1748; x_wconf 87' lang='lat' dir='ltr'>(I,</span> <span class='ocrx_word' id='word_1_93' title='bbox 916 1664 1022 1727; x_wconf 96' lang='grc'>22.</span> <span class='ocrx_word' id='word_1_94' title='bbox 1051 1664 1155 1728; x_wconf 88' lang='grc'>69.</span> <span class='ocrx_word' id='word_1_95' title='bbox 1193 1664 1276 1748; x_wconf 88' lang='grc' dir='ltr'>ΙΙ,</span> <span class='ocrx_word' id='word_1_96' title='bbox 1303 1664 1390 1728; x_wconf 84' lang='grc'>36</span> <span class='ocrx_word' id='word_1_97' title='bbox 1416 1684 1501 1729; x_wconf 78' lang='lat' dir='ltr'>ss‚</span> <span class='ocrx_word' id='word_1_98' title='bbox 1530 1664 1614 1729; x_wconf 88' lang='lat'>68</span> <span class='ocrx_word' id='word_1_99' title='bbox 1641 1683 1727 1728; x_wconf 88' lang='lat' dir='ltr'>ss.</span> <span class='ocrx_word' id='word_1_100' title='bbox 1753 1664 1931 1747; x_wconf 88' lang='lat' dir='ltr'>VIII,</span> <span class='ocrx_word' id='word_1_101' title='bbox 1964 1665 2107 1728; x_wconf 83' lang='lat'><strong>130.</strong></span> <span class='ocrx_word' id='word_1_102' title='bbox 2132 1664 2248 1746; x_wconf 88' lang='lat' dir='ltr'>XI,</span> <span class='ocrx_word' id='word_1_103' title='bbox 2279 1663 2406 1728; x_wconf 89' lang='grc'>186</span> <span class='ocrx_word' id='word_1_104' title='bbox 2432 1681 2518 1726; x_wconf 89' lang='lat' dir='ltr'>ss.</span> <span class='ocrx_word' id='word_1_105' title='bbox 2554 1662 2637 1744; x_wconf 97' lang='lat' dir='ltr'>X,</span> <span class='ocrx_word' id='word_1_106' title='bbox 2663 1661 2815 1725; x_wconf 92' lang='grc'><strong>220.</strong></span> 
     </span>
     <span class='ocr_line' id='line_1_13' title="bbox 576 1774 2809 1862; baseline 0 -24"><span class='ocrx_word' id='word_1_107' title='bbox 576 1775 726 1839; x_wconf 91' lang='grc'><strong>224.</strong></span> <span class='ocrx_word' id='word_1_108' title='bbox 774 1775 949 1860; x_wconf 89' lang='lat' dir='ltr'>XIV,</span> <span class='ocrx_word' id='word_1_109' title='bbox 976 1775 1062 1840; x_wconf 80' lang='lat'>25</span> <span class='ocrx_word' id='word_1_110' title='bbox 1101 1775 1216 1862; x_wconf 89' lang='lat' dir='ltr'>ss.)</span> <span class='ocrx_word' id='word_1_111' title='bbox 1265 1782 1329 1841; x_wconf 92' lang='lat' dir='ltr'>et</span> <span class='ocrx_word' id='word_1_112' title='bbox 1374 1775 1440 1839; x_wconf 91' lang='lat' dir='ltr'>in</span> <span class='ocrx_word' id='word_1_113' title='bbox 1486 1775 1685 1841; x_wconf 87' lang='lat' dir='ltr'>totius</span> <span class='ocrx_word' id='word_1_114' title='bbox 1732 1776 1987 1858; x_wconf 87' lang='lat' dir='ltr'>generis</span> <span class='ocrx_word' id='word_1_115' title='bbox 2032 1775 2422 1859; x_wconf 88' lang='lat' dir='ltr'>prauitatem</span> <span class='ocrx_word' id='word_1_116' title='bbox 2466 1774 2809 1840; x_wconf 89' lang='lat' dir='ltr'>inuehitur.</span> 
     </span>
     <span class='ocr_line' id='line_1_14' title="bbox 579 1871 2815 1977; baseline 0.001 -25"><span class='ocrx_word' id='word_1_117' title='bbox 579 1888 655 1973; x_wconf 86' lang='grc' dir='ltr'>(Ι,</span> <span class='ocrx_word' id='word_1_118' title='bbox 698 1888 802 1953; x_wconf 93' lang='grc'>39.</span> <span class='ocrx_word' id='word_1_119' title='bbox 863 1887 969 1953; x_wconf 77' lang='lat'>55.</span> <span class='ocrx_word' id='word_1_120' title='bbox 1029 1890 1148 1974; x_wconf 92' lang='grc' dir='ltr'>ΙΙΙ,</span> <span class='ocrx_word' id='word_1_121' title='bbox 1180 1888 1286 1954; x_wconf 82' lang='lat'>45.</span> <span class='ocrx_word' id='word_1_122' title='bbox 1345 1891 1428 1974; x_wconf 88' lang='lat' dir='ltr'>X,</span> <span class='ocrx_word' id='word_1_123' title='bbox 1467 1891 1590 1954; x_wconf 88' lang='grc'>321</span> <span class='ocrx_word' id='word_1_124' title='bbox 1645 1871 1733 1955; x_wconf 83' lang='lat' dir='ltr'>ss.</span> <span class='ocrx_word' id='word_1_125' title='bbox 1782 1891 1933 1954; x_wconf 87' lang='grc'><strong>328.</strong></span> <span class='ocrx_word' id='word_1_126' title='bbox 2001 1890 2186 1975; x_wconf 86' lang='lat' dir='ltr'>XIII,</span> <span class='ocrx_word' id='word_1_127' title='bbox 2230 1890 2406 1977; x_wconf 88' lang='lat'>191.)</span> <span class='ocrx_word' id='word_1_128' title='bbox 2501 1888 2633 1954; x_wconf 88' lang='lat' dir='ltr'>Sed</span> <span class='ocrx_word' id='word_1_129' title='bbox 2693 1888 2815 1954; x_wconf 90' lang='lat' dir='ltr'>hoc</span> 
     </span>
     <span class='ocr_line' id='line_1_15' title="bbox 579 2001 2812 2086; baseline 0.001 -22"><span class='ocrx_word' id='word_1_130' title='bbox 579 2019 776 2064; x_wconf 90' lang='lat' dir='ltr'>unum</span> <span class='ocrx_word' id='word_1_131' title='bbox 823 2006 1072 2064; x_wconf 91' lang='lat' dir='ltr'>tantum</span> <span class='ocrx_word' id='word_1_132' title='bbox 1131 2008 1230 2066; x_wconf 90' lang='lat' dir='ltr'>est</span> <span class='ocrx_word' id='word_1_133' title='bbox 1276 2022 1482 2084; x_wconf 91' lang='lat' dir='ltr'>neque</span> <span class='ocrx_word' id='word_1_134' title='bbox 1528 2002 1622 2066; x_wconf 92' lang='lat' dir='ltr'>ita</span> <span class='ocrx_word' id='word_1_135' title='bbox 1667 2002 1889 2083; x_wconf 87' lang='lat' dir='ltr'>magni</span> <span class='ocrx_word' id='word_1_136' title='bbox 1936 2003 2262 2086; x_wconf 88' lang='lat' dir='ltr'>momenti,</span> <span class='ocrx_word' id='word_1_137' title='bbox 2312 2001 2367 2067; x_wconf 91' lang='lat' dir='ltr'>si</span> <span class='ocrx_word' id='word_1_138' title='bbox 2420 2001 2812 2086; x_wconf 88' lang='lat' dir='ltr'>consideres,</span> 
     </span>
     <span class='ocr_line' id='line_1_16' title="bbox 579 2112 2813 2199; baseline 0 -21"><span class='ocrx_word' id='word_1_139' title='bbox 579 2117 642 2178; x_wconf 91' lang='lat' dir='ltr'>et</span> <span class='ocrx_word' id='word_1_140' title='bbox 699 2112 767 2176; x_wconf 93' lang='lat' dir='ltr'>in</span> <span class='ocrx_word' id='word_1_141' title='bbox 824 2112 1149 2197; x_wconf 87' lang='lat' dir='ltr'>prioribus</span> <span class='ocrx_word' id='word_1_142' title='bbox 1206 2119 1270 2179; x_wconf 95' lang='lat' dir='ltr'>et</span> <span class='ocrx_word' id='word_1_143' title='bbox 1326 2113 1391 2179; x_wconf 93' lang='lat' dir='ltr'>in</span> <span class='ocrx_word' id='word_1_144' title='bbox 1447 2114 1914 2199; x_wconf 88' lang='lat' dir='ltr'>posterioribus</span> <span class='ocrx_word' id='word_1_145' title='bbox 1974 2114 2193 2180; x_wconf 87' lang='lat' dir='ltr'>satiris</span> <span class='ocrx_word' id='word_1_146' title='bbox 2239 2114 2458 2180; x_wconf 92' lang='lat' dir='ltr'>multis</span> <span class='ocrx_word' id='word_1_147' title='bbox 2504 2114 2573 2178; x_wconf 91' lang='lat' dir='ltr'>in</span> <span class='ocrx_word' id='word_1_148' title='bbox 2621 2113 2813 2179; x_wconf 89' lang='lat' dir='ltr'>rebus</span> 
     </span>
     <span class='ocr_line' id='line_1_17' title="bbox 577 2224 2812 2312; baseline 0.001 -23"><span class='ocrx_word' id='word_1_149' title='bbox 577 2224 750 2290; x_wconf 91' lang='lat' dir='ltr'>idem</span> <span class='ocrx_word' id='word_1_150' title='bbox 811 2225 1102 2292; x_wconf 89' lang='lat' dir='ltr'>eiusdem</span> <span class='ocrx_word' id='word_1_151' title='bbox 1163 2234 1395 2311; x_wconf 88' lang='lat' dir='ltr'>poetae</span> <span class='ocrx_word' id='word_1_152' title='bbox 1439 2227 1793 2312; x_wconf 85' lang='lat' dir='ltr'>ingenium,</span> <span class='ocrx_word' id='word_1_153' title='bbox 1852 2227 2024 2292; x_wconf 91' lang='lat' dir='ltr'>idem</span> <span class='ocrx_word' id='word_1_154' title='bbox 2072 2227 2353 2292; x_wconf 85' lang='lat' dir='ltr'>studium</span> <span class='ocrx_word' id='word_1_155' title='bbox 2400 2234 2596 2310; x_wconf 91' lang='lat' dir='ltr'>atque</span> <span class='ocrx_word' id='word_1_156' title='bbox 2640 2249 2812 2293; x_wconf 92' lang='lat' dir='ltr'>amo-</span> 
     </span>
     <span class='ocr_line' id='line_1_18' title="bbox 577 2337 2809 2425; baseline 0.001 -23"><span class='ocrx_word' id='word_1_157' title='bbox 577 2357 732 2422; x_wconf 90' lang='lat' dir='ltr'>rem,</span> <span class='ocrx_word' id='word_1_158' title='bbox 786 2337 960 2403; x_wconf 90' lang='lat' dir='ltr'>idem</span> <span class='ocrx_word' id='word_1_159' title='bbox 1016 2338 1234 2404; x_wconf 87' lang='lat' dir='ltr'>odium</span> <span class='ocrx_word' id='word_1_160' title='bbox 1287 2360 1620 2425; x_wconf 89' lang='lat' dir='ltr'>apparere.</span> <span class='ocrx_word' id='word_1_161' title='bbox 1715 2340 1967 2422; x_wconf 88' lang='lat' dir='ltr'>Vbique</span> <span class='ocrx_word' id='word_1_162' title='bbox 2028 2339 2201 2406; x_wconf 91' lang='lat' dir='ltr'>enim</span> <span class='ocrx_word' id='word_1_163' title='bbox 2259 2359 2403 2404; x_wconf 88' lang='lat' dir='ltr'>eum</span> <span class='ocrx_word' id='word_1_164' title='bbox 2454 2340 2662 2406; x_wconf 90' lang='lat' dir='ltr'>uirum</span> <span class='ocrx_word' id='word_1_165' title='bbox 2710 2360 2809 2405; x_wconf 91' lang='lat' dir='ltr'>co-</span> 
     </span>
     <span class='ocr_line' id='line_1_19' title="bbox 579 2450 2811 2540; baseline 0.001 -26"><span class='ocrx_word' id='word_1_166' title='bbox 579 2450 984 2537; x_wconf 88' lang='lat' dir='ltr'>gnoscimus,</span> <span class='ocrx_word' id='word_1_167' title='bbox 1069 2473 1258 2540; x_wconf 91' lang='lat' dir='ltr'>quem</span> <span class='ocrx_word' id='word_1_168' title='bbox 1328 2454 1582 2520; x_wconf 90' lang='lat' dir='ltr'>ardenti</span> <span class='ocrx_word' id='word_1_169' title='bbox 1637 2474 1887 2519; x_wconf 90' lang='lat' dir='ltr'>morum</span> <span class='ocrx_word' id='word_1_170' title='bbox 1942 2461 2136 2536; x_wconf 88' lang='lat' dir='ltr'>atque</span> <span class='ocrx_word' id='word_1_171' title='bbox 2191 2453 2625 2539; x_wconf 87' lang='lat' dir='ltr'>simplicitatis</span> <span class='ocrx_word' id='word_1_172' title='bbox 2684 2452 2811 2538; x_wconf 90' lang='lat' dir='ltr'>pri-</span> 
     </span>
     <span class='ocr_line' id='line_1_20' title="bbox 577 2566 2809 2651; baseline 0.001 -23"><span class='ocrx_word' id='word_1_173' title='bbox 577 2583 829 2629; x_wconf 88' lang='lat' dir='ltr'>scorum</span> <span class='ocrx_word' id='word_1_174' title='bbox 876 2567 1310 2630; x_wconf 87' lang='lat' dir='ltr'>Romanorum</span> <span class='ocrx_word' id='word_1_175' title='bbox 1366 2566 1795 2632; x_wconf 87' lang='lat' dir='ltr'>admiratione</span> <span class='ocrx_word' id='word_1_176' title='bbox 1855 2566 2188 2651; x_wconf 90' lang='lat' dir='ltr'>impletum</span> <span class='ocrx_word' id='word_1_177' title='bbox 2244 2587 2370 2631; x_wconf 87' lang='lat' dir='ltr'>non</span> <span class='ocrx_word' id='word_1_178' title='bbox 2434 2567 2642 2632; x_wconf 89' lang='lat' dir='ltr'>solum</span> <span class='ocrx_word' id='word_1_179' title='bbox 2689 2567 2809 2630; x_wconf 88' lang='lat' dir='ltr'>Ro-</span> 
     </span>
     <span class='ocr_line' id='line_1_21' title="bbox 575 2678 2808 2763; baseline 0 -22"><span class='ocrx_word' id='word_1_180' title='bbox 575 2697 908 2742; x_wconf 85' lang='lat' dir='ltr'>manorum</span> <span class='ocrx_word' id='word_1_181' title='bbox 973 2679 1073 2744; x_wconf 87' lang='lat' dir='ltr'>sui</span> <span class='ocrx_word' id='word_1_182' title='bbox 1129 2678 1440 2763; x_wconf 89' lang='lat' dir='ltr'>temporis</span> <span class='ocrx_word' id='word_1_183' title='bbox 1484 2680 1648 2746; x_wconf 87' lang='lat' dir='ltr'>uitia</span> <span class='ocrx_word' id='word_1_184' title='bbox 1696 2699 1947 2745; x_wconf 88' lang='lat' dir='ltr'>summa</span> <span class='ocrx_word' id='word_1_185' title='bbox 2004 2679 2452 2762; x_wconf 82' lang='lat' dir='ltr'>indignatione</span> <span class='ocrx_word' id='word_1_186' title='bbox 2498 2679 2808 2762; x_wconf 87' lang='lat' dir='ltr'>afficiunt,</span> 
     </span>
     <span class='ocr_line' id='line_1_22' title="bbox 576 2789 2809 2877; baseline 0.001 -24"><span class='ocrx_word' id='word_1_187' title='bbox 576 2789 693 2854; x_wconf 91' lang='lat' dir='ltr'>sed</span> <span class='ocrx_word' id='word_1_188' title='bbox 752 2790 946 2855; x_wconf 89' lang='lat' dir='ltr'>etiam</span> <span class='ocrx_word' id='word_1_189' title='bbox 1005 2791 1073 2856; x_wconf 91' lang='lat' dir='ltr'>id</span> <span class='ocrx_word' id='word_1_190' title='bbox 1135 2791 1347 2875; x_wconf 88' lang='lat' dir='ltr'>ipsum</span> <span class='ocrx_word' id='word_1_191' title='bbox 1403 2813 1532 2857; x_wconf 88' lang='lat' dir='ltr'>non</span> <span class='ocrx_word' id='word_1_192' title='bbox 1588 2791 1925 2858; x_wconf 90' lang='lat' dir='ltr'>serendum</span> <span class='ocrx_word' id='word_1_193' title='bbox 1984 2792 2043 2858; x_wconf 93' lang='lat' dir='ltr'>ei</span> <span class='ocrx_word' id='word_1_194' title='bbox 2101 2793 2353 2858; x_wconf 88' lang='lat' dir='ltr'>uidetur</span> <span class='ocrx_word' id='word_1_195' title='bbox 2410 2811 2576 2877; x_wconf 88' lang='lat' dir='ltr'>esse,</span> <span class='ocrx_word' id='word_1_196' title='bbox 2636 2790 2809 2874; x_wconf 88' lang='lat' dir='ltr'>quod</span> 
     </span>
     <span class='ocr_line' id='line_1_23' title="bbox 575 2903 2812 2986; baseline 0.001 -20"><span class='ocrx_word' id='word_1_197' title='bbox 575 2908 726 2967; x_wconf 87' lang='lat' dir='ltr'>ante</span> <span class='ocrx_word' id='word_1_198' title='bbox 773 2903 990 2969; x_wconf 89' lang='lat' dir='ltr'>omnia</span> <span class='ocrx_word' id='word_1_199' title='bbox 1029 2903 1420 2970; x_wconf 80' lang='lat' dir='ltr'>Graecorum</span> <span class='ocrx_word' id='word_1_200' title='bbox 1467 2905 2013 2986; x_wconf 86' lang='lat' dir='ltr'>barbarorumque</span> <span class='ocrx_word' id='word_1_201' title='bbox 2062 2905 2376 2970; x_wconf 90' lang='lat' dir='ltr'>uictorum</span> <span class='ocrx_word' id='word_1_202' title='bbox 2426 2924 2636 2970; x_wconf 88' lang='lat' dir='ltr'>mores</span> <span class='ocrx_word' id='word_1_203' title='bbox 2682 2924 2812 2970; x_wconf 89' lang='lat' dir='ltr'>una</span> 
     </span>
     <span class='ocr_line' id='line_1_24' title="bbox 576 3015 2811 3100; baseline 0 -21"><span class='ocrx_word' id='word_1_204' title='bbox 576 3035 719 3080; x_wconf 88' lang='lat' dir='ltr'>cum</span> <span class='ocrx_word' id='word_1_205' title='bbox 767 3036 986 3082; x_wconf 85' lang='lat' dir='ltr'>eorum</span> <span class='ocrx_word' id='word_1_206' title='bbox 1032 3015 1282 3082; x_wconf 81' lang='lat' dir='ltr'>diuitiis</span> <span class='ocrx_word' id='word_1_207' title='bbox 1321 3018 1591 3082; x_wconf 89' lang='lat' dir='ltr'>Romam</span> <span class='ocrx_word' id='word_1_208' title='bbox 1641 3016 1899 3082; x_wconf 89' lang='lat' dir='ltr'>aduecti</span> <span class='ocrx_word' id='word_1_209' title='bbox 1929 3017 2139 3100; x_wconf 88' lang='lat' dir='ltr'>magis</span> <span class='ocrx_word' id='word_1_210' title='bbox 2184 3016 2522 3100; x_wconf 84' lang='lat' dir='ltr'>magisque</span> <span class='ocrx_word' id='word_1_211' title='bbox 2558 3016 2811 3083; x_wconf 87' lang='lat' dir='ltr'>animos</span> 
     </span>
    </p>
   </div>
   <div class='ocr_carea' id='block_1_3' title="bbox 575 3129 1984 3197">
    <p class='ocr_par' dir='ltr' id='par_1_3' title="bbox 575 3129 1984 3197">
     <span class='ocr_line' id='line_1_25' title="bbox 575 3129 1984 3197; baseline 0 -3"><span class='ocrx_word' id='word_1_212' title='bbox 575 3150 618 3195; x_wconf 86' lang='lat' dir='ltr'>a</span> <span class='ocrx_word' id='word_1_213' title='bbox 662 3129 976 3195; x_wconf 85' lang='lat' dir='ltr'>maiorum</span> <span class='ocrx_word' id='word_1_214' title='bbox 1021 3130 1370 3196; x_wconf 88' lang='lat' dir='ltr'>uirtutibus</span> <span class='ocrx_word' id='word_1_215' title='bbox 1415 3130 1984 3197; x_wconf 79' lang='lat' dir='ltr'>abalienauerant:</span> 
     </span>
    </p>
   </div>
   <div class='ocr_carea' id='block_1_4' title="bbox 589 3242 2807 3410">
    <p class='ocr_par' dir='ltr' id='par_1_4' title="bbox 589 3242 2807 3410">
     <span class='ocr_line' id='line_1_26' title="bbox 589 3242 2574 3314; baseline 0.001 -18"><span class='ocrx_word' id='word_1_216' title='bbox 589 3296 596 3302; x_wconf 76' lang='grc'>,</span> <span class='ocrx_word' id='word_1_217' title='bbox 680 3242 835 3313; x_wconf 88' lang='lat' dir='ltr'>XIV,</span> <span class='ocrx_word' id='word_1_218' title='bbox 872 3244 976 3298; x_wconf 89' lang='lat'>188</span> <span class='ocrx_word' id='word_1_219' title='bbox 1720 3244 2023 3314; x_wconf 82' lang='lat' dir='ltr'>peregrina</span> <span class='ocrx_word' id='word_1_220' title='bbox 2059 3245 2369 3313; x_wconf 87' lang='lat' dir='ltr'>ignotaque</span> <span class='ocrx_word' id='word_1_221' title='bbox 2406 3242 2574 3298; x_wconf 87' lang='lat' dir='ltr'>nobis</span> 
     </span>
     <span class='ocr_line' id='line_1_27' title="bbox 1001 3337 2807 3410; baseline -0.002 -16"><span class='ocrx_word' id='word_1_222' title='bbox 1001 3339 1074 3394; x_wconf 87' lang='lat' dir='ltr'>ad</span> <span class='ocrx_word' id='word_1_223' title='bbox 1112 3340 1300 3394; x_wconf 87' lang='lat' dir='ltr'>scelus</span> <span class='ocrx_word' id='word_1_224' title='bbox 1338 3344 1510 3410; x_wconf 85' lang='lat' dir='ltr'>atque</span> <span class='ocrx_word' id='word_1_225' title='bbox 1549 3339 1731 3409; x_wconf 87' lang='lat' dir='ltr'>nefas,</span> <span class='ocrx_word' id='word_1_226' title='bbox 1771 3355 2162 3410; x_wconf 89' lang='lat' dir='ltr'>quaecumque</span> <span class='ocrx_word' id='word_1_227' title='bbox 2203 3343 2309 3407; x_wconf 88' lang='lat' dir='ltr'>est,</span> <span class='ocrx_word' id='word_1_228' title='bbox 2346 3353 2599 3409; x_wconf 80' lang='lat' dir='ltr'>purpura</span> <span class='ocrx_word' id='word_1_229' title='bbox 2635 3337 2807 3392; x_wconf 87' lang='lat' dir='ltr'>ducit.</span> 
     </span>
    </p>
   </div>
   <div class='ocr_carea' id='block_1_5' title="bbox 576 3435 1111 3520">
    <p class='ocr_par' dir='ltr' id='par_1_5' title="bbox 576 3435 1111 3520">
     <span class='ocr_line' id='line_1_28' title="bbox 576 3435 1111 3520; baseline 0.002 -21"><span class='ocrx_word' id='word_1_230' title='bbox 576 3441 641 3500; x_wconf 92' lang='lat' dir='ltr'>et</span> <span class='ocrx_word' id='word_1_231' title='bbox 687 3435 809 3520; x_wconf 90' lang='lat' dir='ltr'>VI,</span> <span class='ocrx_word' id='word_1_232' title='bbox 849 3436 977 3500; x_wconf 89' lang='grc'>292</span> <span class='ocrx_word' id='word_1_233' title='bbox 1025 3455 1111 3500; x_wconf 88' lang='lat' dir='ltr'>ss.</span> 
     </span>
    </p>
   </div>
   <div class='ocr_carea' id='block_1_6' title="bbox 890 3546 2625 4362">
    <p class='ocr_par' dir='ltr' id='par_1_6' title="bbox 890 3546 2427 3710">
     <span class='ocr_line' id='line_1_29' title="bbox 895 3546 2427 3616; baseline 0.001 -15"><span class='ocrx_word' id='word_1_234' title='bbox 895 3562 1041 3601; x_wconf 90' lang='lat' dir='ltr'>nunc</span> <span class='ocrx_word' id='word_1_235' title='bbox 1077 3547 1321 3614; x_wconf 82' lang='lat' dir='ltr'>patimur</span> <span class='ocrx_word' id='word_1_236' title='bbox 1356 3546 1558 3616; x_wconf 83' lang='lat' dir='ltr'>longae</span> <span class='ocrx_word' id='word_1_237' title='bbox 1598 3547 1755 3615; x_wconf 89' lang='lat' dir='ltr'>pacis</span> <span class='ocrx_word' id='word_1_238' title='bbox 1792 3547 1953 3616; x_wconf 82' lang='lat' dir='ltr'>mala,</span> <span class='ocrx_word' id='word_1_239' title='bbox 1994 3547 2220 3602; x_wconf 86' lang='lat' dir='ltr'>saeuior</span> <span class='ocrx_word' id='word_1_240' title='bbox 2259 3547 2427 3602; x_wconf 86' lang='lat' dir='ltr'>armis</span> 
     </span>
     <span class='ocr_line' id='line_1_30' title="bbox 890 3639 2333 3710; baseline 0 -14"><span class='ocrx_word' id='word_1_241' title='bbox 890 3641 1113 3696; x_wconf 85' lang='lat' dir='ltr'>luxuria</span> <span class='ocrx_word' id='word_1_242' title='bbox 1146 3641 1399 3696; x_wconf 86' lang='lat' dir='ltr'>incubuit</span> <span class='ocrx_word' id='word_1_243' title='bbox 1435 3642 1761 3710; x_wconf 89' lang='lat' dir='ltr'>uictumque</span> <span class='ocrx_word' id='word_1_244' title='bbox 1799 3641 2085 3696; x_wconf 88' lang='lat' dir='ltr'>ulciscitur</span> <span class='ocrx_word' id='word_1_245' title='bbox 2123 3639 2333 3696; x_wconf 85' lang='lat' dir='ltr'>orbem.</span> 
     </span>
    </p>

    <p class='ocr_par' dir='ltr' id='par_1_7' title="bbox 891 3736 2493 3901">
     <span class='ocr_line' id='line_1_31' title="bbox 891 3736 2493 3805; baseline -0.001 -14"><span class='ocrx_word' id='word_1_246' title='bbox 891 3738 1103 3791; x_wconf 91' lang='lat' dir='ltr'>nullum</span> <span class='ocrx_word' id='word_1_247' title='bbox 1141 3737 1347 3791; x_wconf 90' lang='lat' dir='ltr'>crimen</span> <span class='ocrx_word' id='word_1_248' title='bbox 1385 3737 1551 3791; x_wconf 87' lang='lat' dir='ltr'>abest</span> <span class='ocrx_word' id='word_1_249' title='bbox 1588 3736 1923 3805; x_wconf 85' lang='lat' dir='ltr'>facinusque</span> <span class='ocrx_word' id='word_1_250' title='bbox 1962 3736 2226 3804; x_wconf 90' lang='lat' dir='ltr'>libidinis,</span> <span class='ocrx_word' id='word_1_251' title='bbox 2267 3752 2339 3790; x_wconf 84' lang='lat' dir='ltr'>ex</span> <span class='ocrx_word' id='word_1_252' title='bbox 2380 3752 2493 3805; x_wconf 93' lang='lat' dir='ltr'>quo</span> 
     </span>
     <span class='ocr_line' id='line_1_32' title="bbox 891 3831 2350 3901; baseline 0.002 -16"><span class='ocrx_word' id='word_1_253' title='bbox 891 3836 1200 3901; x_wconf 79' lang='lat' dir='ltr'>paupertas</span> <span class='ocrx_word' id='word_1_254' title='bbox 1238 3833 1491 3887; x_wconf 86' lang='lat' dir='ltr'>Romana</span> <span class='ocrx_word' id='word_1_255' title='bbox 1527 3833 1693 3900; x_wconf 85' lang='lat' dir='ltr'>perit,</span> <span class='ocrx_word' id='word_1_256' title='bbox 1730 3832 1859 3887; x_wconf 90' lang='lat' dir='ltr'>hinc</span> <span class='ocrx_word' id='word_1_257' title='bbox 1895 3831 2058 3887; x_wconf 84' lang='lat' dir='ltr'>fluxit</span> <span class='ocrx_word' id='word_1_258' title='bbox 2096 3834 2167 3887; x_wconf 85' lang='lat' dir='ltr'>ad</span> <span class='ocrx_word' id='word_1_259' title='bbox 2206 3833 2350 3888; x_wconf 89' lang='lat' dir='ltr'>istos</span> 
     </span>
    </p>

    <p class='ocr_par' dir='ltr' id='par_1_8' title="bbox 893 3927 2341 3998">
     <span class='ocr_line' id='line_1_33' title="bbox 893 3927 2341 3998; baseline 0.001 -16"><span class='ocrx_word' id='word_1_260' title='bbox 893 3933 952 3983; x_wconf 89' lang='lat' dir='ltr'>et</span> <span class='ocrx_word' id='word_1_261' title='bbox 989 3927 1224 3998; x_wconf 83' lang='lat' dir='ltr'>Sybaris</span> <span class='ocrx_word' id='word_1_262' title='bbox 1263 3928 1452 3989; x_wconf 84' lang='lat' dir='ltr'>colles,</span> <span class='ocrx_word' id='word_1_263' title='bbox 1493 3927 1620 3981; x_wconf 89' lang='lat' dir='ltr'>hinc</span> <span class='ocrx_word' id='word_1_264' title='bbox 1658 3933 1716 3981; x_wconf 87' lang='lat' dir='ltr'>et</span> <span class='ocrx_word' id='word_1_265' title='bbox 1754 3929 1985 3984; x_wconf 86' lang='lat' dir='ltr'>Rhodos</span> <span class='ocrx_word' id='word_1_266' title='bbox 2024 3934 2083 3984; x_wconf 88' lang='lat' dir='ltr'>et</span> <span class='ocrx_word' id='word_1_267' title='bbox 2118 3930 2341 3984; x_wconf 89' lang='lat' dir='ltr'>Miletos</span> 
     </span>
    </p>

    <p class='ocr_par' dir='ltr' id='par_1_9' title="bbox 893 4023 2625 4187">
     <span class='ocr_line' id='line_1_34' title="bbox 895 4023 2625 4096; baseline 0 -20"><span class='ocrx_word' id='word_1_268' title='bbox 895 4029 1068 4092; x_wconf 82' lang='lat' dir='ltr'>atque</span> <span class='ocrx_word' id='word_1_269' title='bbox 1106 4026 1433 4077; x_wconf 84' lang='lat' dir='ltr'>coronatum</span> <span class='ocrx_word' id='word_1_270' title='bbox 1472 4027 1531 4076; x_wconf 86' lang='lat' dir='ltr'>ct</span> <span class='ocrx_word' id='word_1_271' title='bbox 1567 4023 1831 4096; x_wconf 74' lang='lat' dir='ltr'>petulans</span> <span class='ocrx_word' id='word_1_272' title='bbox 1870 4024 2265 4093; x_wconf 89' lang='lat' dir='ltr'>madidumque</span> <span class='ocrx_word' id='word_1_273' title='bbox 2302 4025 2625 4079; x_wconf 87' lang='lat' dir='ltr'>Tarentum.</span> 
     </span>
     <span class='ocr_line' id='line_1_35' title="bbox 893 4116 2229 4187; baseline 0.001 -15"><span class='ocrx_word' id='word_1_274' title='bbox 893 4118 1071 4187; x_wconf 85' lang='lat' dir='ltr'>prima</span> <span class='ocrx_word' id='word_1_275' title='bbox 1105 4117 1438 4186; x_wconf 85' lang='lat' dir='ltr'>peregrinos</span> <span class='ocrx_word' id='word_1_276' title='bbox 1479 4116 1728 4171; x_wconf 83' lang='lat' dir='ltr'>obscena</span> <span class='ocrx_word' id='word_1_277' title='bbox 1765 4119 2006 4185; x_wconf 82' lang='lat' dir='ltr'>pecunia</span> <span class='ocrx_word' id='word_1_278' title='bbox 2043 4135 2229 4175; x_wconf 88' lang='lat' dir='ltr'>mores</span> 
     </span>
    </p>

    <p class='ocr_par' dir='ltr' id='par_1_10' title="bbox 890 4210 2149 4281">
     <span class='ocr_line' id='line_1_36' title="bbox 890 4210 2149 4281; baseline 0.001 -14"><span class='ocrx_word' id='word_1_279' title='bbox 890 4211 1093 4280; x_wconf 89' lang='lat' dir='ltr'>intulit,</span> <span class='ocrx_word' id='word_1_280' title='bbox 1134 4215 1193 4266; x_wconf 89' lang='lat' dir='ltr'>et</span> <span class='ocrx_word' id='word_1_281' title='bbox 1228 4211 1380 4279; x_wconf 90' lang='lat' dir='ltr'>turpi</span> <span class='ocrx_word' id='word_1_282' title='bbox 1416 4210 1713 4281; x_wconf 85' lang='lat' dir='ltr'>fregerunt</span> <span class='ocrx_word' id='word_1_283' title='bbox 1749 4213 1976 4267; x_wconf 82' lang='lat' dir='ltr'>saecula</span> <span class='ocrx_word' id='word_1_284' title='bbox 2010 4213 2149 4268; x_wconf 89' lang='lat' dir='ltr'>luxu</span> 
     </span>
    </p>

    <p class='ocr_par' dir='ltr' id='par_1_11' title="bbox 894 4305 1376 4362">
     <span class='ocr_line' id='line_1_37' title="bbox 894 4305 1376 4362; baseline 0 0"><span class='ocrx_word' id='word_1_285' title='bbox 894 4305 1125 4362; x_wconf 79' lang='lat' dir='ltr'>diuitiae</span> <span class='ocrx_word' id='word_1_286' title='bbox 1161 4307 1376 4362; x_wconf 80' lang='lat' dir='ltr'>molles.</span> 
     </span>
    </p>
   </div>
  </div>
 </body>
</html>
