3284 4792
1451 399 1893 462 —12—

557 584 841 670 priorum
892 590 956 650 et
1001 582 1429 668 posteriorum
1477 587 1624 647 satt.
1696 578 1881 652 Ἄθω)
1949 580 2230 646 omnium
2281 598 2583 645 uersuum
2649 598 2786 644 cac-

559 715 775 762 suram
821 696 1005 780 XIII,
1071 693 1157 763 ¹s18
1207 714 1375 760 caes.
1423 695 1580 760 XVI
1627 694 1911 760 ostendit
1936 694 2006 780 1).

737 807 1035 893 Corssen,
1082 809 1298 874 Ueber
1345 807 1756 893 Aussprache
1803 813 1922 873 etc.
1973 807 2088 873 der
2140 808 2248 873 lat.
2300 806 2444 892 Spr.
2507 806 2592 890 II,
2654 805 2786 870 416

559 919 948 1004 comparatis
997 920 1432 1006 compluribus
1490 920 1705 1005 poetis
1752 920 2037 985 Latinis:
2108 919 2291 1004 „Au-3
2354 922 2573 986 diesen
2620 921 2785 984 Zah-

559 1036 678 1118 len,
728 1033 956 1118 inquit,
1005 1035 1216 1119 eryibt
1261 1035 1420 1116 sich,
1473 1035 1628 1098 dass
1676 1056 1740 1098 es
1790 1034 2370 1098 duo-chechnittlich
2431 1034 2547 1097 der
2592 1036 2787 1098 vierte

561 1147 658 1212 bis
709 1149 904 1211 clv-itte
958 1147 1144 1210 Theil
1205 1146 1371 1210 aller
1437 1146 1807 1211 Versstellen
1862 1169 2031 1228 war,
2100 1149 2168 1209 in
2232 1147 2434 1209 denen
2494 1147 2787 1212 Hochton

556 1261 695 1324 und
766 1261 1172 1347 Vershebuny
1233 1263 1306 1323 in
1363 1260 1833 1345 Widerspruch
1892 1261 2109 1343 stand,
2171 1261 2311 1322 und
2368 1261 2521 1325 dass
2581 1261 2786 1325 dieses

570 1374 971 1438 Verhc‘iltniss
1015 1397 1138 1438 von
1183 1375 1440 1438 Ennius
1490 1374 1588 1438 bis
1620 1373 2035 1438 Claudianus
2074 1376 2163 1438 im
2192 1373 2459 1438 Ganzcn
2496 1373 2786 1438 ‹lasselbc

556 1487 885 1572 yeblieben
933 1487 1079 1552 ἐπέ(
1175 1487 1356 1563 Quae
1404 1487 1596 1551 etiam
1644 1487 1712 1550 in
1760 1487 2089 1552 quenalis
2138 1487 2374 1552 satiras
2423 1507 2566 1551 cum
2614 1486 2783 1570 prio-

554 1617 657 1663 res
704 1605 837 1662 tum
884 1598 1276 1683 posteriores
1326 1599 1559 1664 ualent.
1654 1601 1819 1664 Nam
1868 1605 1932 1664 ct
1976 1599 2082 1663 hic
2131 1605 2193 1664 et
2254 1597 2385 1663 illic
2440 1599 2507 1662 in
2568 1599 2783 1680 quinis

556 1709 744 1776 denis
792 1710 1107 1795 uersibuS,
1154 1711 1198 1775 i.
1262 1731 1316 1776 e.
1383 1712 1450 1776 in
1516 1712 1877 1794 nonagenis
1937 1712 2215 1796 pedibus
2275 1711 2479 1776 uicies
2538 1711 2783 1796 septies

552 1821 687 1888 fere
733 1823 838 1888 uel
887 1823 1087 1888 uicies
1135 1824 1338 1889 octies
1387 1824 1846 1890 uocabulorum
1893 1830 2197 1889 accentus
2252 1844 2381 1888 non
2430 1825 2671 1891 cadunt
2715 1827 2780 1890 in

553 1937 750 2021 arsin,
799 1956 943 2001 eum
989 1936 1284 2019 singulae
1330 1937 1433 2001 uel
1482 1936 1841 2021 complures
1888 1936 2114 2000 horum
2162 1938 2620 2002 uocabulorum
2654 1939 2779 2022 syl-

553 2049 742 2114 labae
789 2055 1058 2114 accentu
1105 2055 1400 2114 carentes
1446 2048 1512 2114 in
1560 2048 1694 2113 arsi
1739 2048 1993 2134 positae
2040 2049 2189 2114 sint.

729 2163 816 2227 Vt
861 2168 1073 2226 autem
1123 2161 1410 2227 caesuris
1456 2161 1753 2246 turpibus
1808 2162 2263 2244 languidisque
2310 2181 2610 2226 uersuum
2658 2162 2781 2228 for-

555 2296 726 2340 mam
771 2273 1034 2340 foedare
1079 2273 1408 2339 quenalis
1452 2273 1657 2358 timet,
1704 2273 1925 2356 itaque
1970 2274 2094 2339 hae
2139 2274 2206 2338 in
2253 2295 2321 2339 re
2368 2294 2588 2341 eorum
2633 2299 2781 2362 poe-

555 2395 764 2454 tarum
812 2403 1075 2454 numero
1123 2387 1544 2453 ascribendus
1593 2394 1712 2470 est,
1762 2388 1872 2470 qui
1918 2389 2225 2453 maiorem
2265 2408 2482 2454 curam
2528 2390 2596 2455 in
2647 2411 2781 2456 uer-

558 2500 738 2565 sibus
786 2500 1248 2586 componendis
1296 2501 1625 2585 adhibent,
1692 2500 1787 2566 sic
1848 2501 2040 2565 etiam
2100 2501 2167 2565 in
2228 2501 2609 2568 elisionibus
2670 2503 2779 2569 ad-

550 2613 883 2680 mittendis
929 2635 1059 2678 non
1107 2620 1206 2679 est
1250 2613 1507 2697 nimius,
1556 2613 1651 2677 ita
1687 2619 1767 2678 ·ut
1812 2633 2039 2679 uersus
2086 2614 2225 2679 eius
2274 2613 2435 2678 satis
2482 2615 2612 2680 sint
2674 2637 2779 2681 ex-

553 2727 763 2813 pediti
811 2734 875 2793 et
922 2726 1230 2812 perfacile
1279 2735 1554 2793 currant.
1650 2729 1959 2794 Duriores
2010 2728 2269 2794 omnino
2317 2749 2445 2793 non
2494 2729 2778 2813 reperies

552 2841 618 2905 in
667 2841 806 2906 eius
871 2847 1054 2924 satt.‚
1127 2846 1196 2906 ut
1241 2840 1488 2925 primae
1550 2862 1778 2907 uersus
1839 2842 2133 2925 syllabae
2193 2842 2547 2927 elisionem,
2616 2862 2781 2924 quae

551 2956 779 3020 nouies
826 2957 894 3022 in
941 2958 1093 3022 Hor.
1146 2963 1316 3040 satt.‚
1365 2956 1564 3022 semel
1611 2955 1787 3041 apud
1834 2957 2128 3022 Persium
2177 2956 2479 3022 occurrit:
2536 2958 2779 3042 Neque,

551 3069 732 3134 cuius
809 3068 902 3133 rei
965 3068 1119 3134 item
1191 3069 1365 3154 apud
1413 3069 1751 3134 Horatium
1821 3069 2175 3154 compluria
2245 3075 2393 3134 sunt
2462 3069 2778 3153 exempla,

548 3181 614 3247 in
663 3181 889 3246 ultima
935 3201 1162 3247 uersus
1210 3181 1466 3266 syllaba
1512 3181 1757 3268 elidit2)
1806 3221 1892 3229 --
1938 3184 2015 3246 In
2061 3183 2153 3247 VI
2197 3181 2331 3247 arsi
2376 3201 2492 3248 sex
2530 3187 2779 3247 tantum

549 3294 832 3361 admittit
887 3294 1194 3360 elisiones
1249 3315 1365 3380 per
1429 3301 1763 3377 utramque
1818 3301 2068 3379 partem
2130 3293 2473 3360 satirarum
2535 3293 2779 3378 disper-

549 3427 685 3474 sas:
733 3408 784 3492 I,
838 3409 996 3472 102:
1066 3428 1215 3490 ego
1273 3407 1585 3491 adsum,
1651 3408 1896 3492 11,23:
1958 3406 2465 3492 Aethiopem
2512 3406 2778 3490 albus,
2840 3455 2848 3463 .

553 3521 711 3588 159:
760 3520 1087 3604 quidem
1134 3522 1388 3606 ultra,
1450 3522 1626 3606 XIV,
1687 3523 1845 3587 202:
1903 3523 2265 3588 Tiberim
2321 3521 2573 3606 ultra,
2636 3522 2778 3608 XV,

700 3708 742 3781 1)
777 3710 840 3763 In
890 3709 1173 3778 prioribus
1213 3709 1358 3763 enim
1398 3714 1528 3763 satt.
1569 3709 1673 3762 153
1712 3724 1891 3764 caess.
1943 3707 2110 3778 XIII,
2166 3708 2270 3763 196
2307 3726 2487 3767 caess.
2526 3711 2688 3780 XVI,
2724 3710 2779 3764 in

547 3798 963 3870 posterioribus
1002 3800 1068 3853 79
1107 3814 1287 3854 caess.
1325 3799 1482 3868 XIII,
1523 3799 1626 3852 100
1660 3815 1845 3853 caess.
1883 3799 2017 3854 XVI
2055 3800 2297 3868 repperi.

693 3887 738 3959 ²)
775 3889 859 3943 Ne
885 3888 1014 3958 quis
1053 3893 1241 3943 autem
1280 3887 1413 3941 mihi
1451 3887 1694 3953 obiiciat,
1733 3892 1845 3943 est
1882 3889 2217 3958 compluries
2258 3888 2327 3943 ab
2369 3905 2436 3944 eo
2465 3906 2589 3944 cum
2616 3906 2780 3945 uoca-

550 3978 682 4033 bulo
723 3977 1078 4032 antecedenti
1113 3977 1168 4030 in
1207 3975 1316 4032 fine
1357 3994 1622 4032 uersuum
1664 3976 1956 4046 confundi,
2005 3978 2145 4033 haec
2182 3979 2529 4049 synaloephe
2567 3980 2780 4048 potine,

549 4083 715 4136 quam
756 4067 915 4122 elisio
956 4068 1263 4122 communis
1302 4067 1353 4120 ei
1392 4072 1482 4122 est
1520 4084 1643 4121 cum
1683 4069 1855 4137 Verg.
1898 4067 1997 4123 Ou.
2020 4069 2176 4123 Pers.
2209 4072 2268 4124 et
2299 4069 2559 4124 omnibus
2588 4074 2781 4138 poste·

548 4155 791 4211 rioribus
830 4157 1035 4225 poetis.
1109 4157 1492 4211 Reiiciendum
1533 4161 1721 4210 autem
1762 4160 1867 4225 est,
1908 4157 1955 4211 si
1996 4157 2055 4212 C.
2084 4157 2170 4210 Fr.
2198 4158 2549 4213 Hermannus
2589 4163 2783 4213 contra

549 4245 712 4299 codd.
750 4245 904 4314 VIII,
941 4246 1045 4300 203
1082 4246 1463 4301 tridentem
1502 4251 1595 4315 et,
1644 4251 1704 4301 et
1741 4247 1895 4316 XIII,
1945 4247 2014 4301 82
2052 4247 2410 4303 Minervae
2450 4252 2519 4303 et
2566 4249 2622 4303 in
2668 4247 2779 4304 fine

550 4349 820 4390 uersuum
853 4334 1032 4403 ponit.
