3284 4792
1406 309 1849 372 -24—

510 491 732 576 nibus,
782 491 1015 574 quibus
1061 496 1176 556 aut
1221 511 1335 556 eas
1383 489 1760 576 sententias,
1808 510 1972 573 quas
2017 489 2182 557 forte
2206 491 2441 578 tetigit,
2486 493 2745 576 longius

508 624 701 687 quam
746 624 864 689 pro
911 604 1252 671 satirarum
1299 605 1735 671 concinnitate
1780 604 2215 690 persequitur,
2281 613 2393 671 aut
2452 607 2643 691 plane
2704 629 2745 672 a

509 716 845 801 proposito
870 717 1148 782 aberrat.
1220 719 1465 782 Harum
1505 716 1788 782 ambitus
1826 724 1925 782 est
1958 717 2459 783 diuersissimus.
2532 719 2745 804 Saepe

510 851 638 896 uno
685 837 934 898 tantum
980 850 1174 896 uersu
1221 836 1536 915 constant,
1583 830 1761 895 haud
1797 850 1942 895 raro
1984 836 2197 895 autem
2234 851 2349 914 per
2384 831 2744 915 complures

511 964 656 1010 sese
711 945 1084 1010 extendunt.
1175 944 1318 1029 Eis,
1379 963 1542 1026 quas
1603 944 1673 1010 G.
1730 944 1836 1008 Fr.
1886 943 2295 1009 Hermannus
2346 943 2745 1032 (Zeitsohrift

508 1055 552 1122 f.
600 1057 932 1123 Alterthw.
984 1057 1157 1121 1844
1200 1077 1264 1140 p.
1315 1057 1398 1121 73
1447 1055 1562 1143 ss.)
1605 1076 1745 1121 eum
1774 1056 1915 1139 XV,
1955 1056 2233 1140 13-26,
2263 1057 2525 1122 65-72
2574 1078 2739 1122 eom-

508 1176 726 1254 parat:
772 1170 857 1254 Π,
909 1169 1188 1234 102-9.
1236 1168 1353 1252 ΙΠ,
1407 1168 1688 1233 12-20,
1737 1169 1847 1251 IV,
1897 1167 2224 1233 95—103.
2287 1170 2396 1253 VI,
2463 1170 2742 1234 10—21.

508 1283 651 1367 VII,
703 1283 1070 1347 189—201.
1117 1282 1294 1365 VIII,
1347 1282 1714 1347 100—110.
1763 1282 1846 1365 X,
1899 1281 2265 1347 174—184.
2316 1283 2432 1367 XI,
2461 1284 2742 1368 82-89,

506 1395 699 1464 facile
745 1395 986 1460 multae
1023 1395 1192 1460 aliae
1229 1395 1383 1460 addi
1407 1401 1709 1480 possunt:
1755 1395 2116 1478 1‚40—44.
2167 1395 2449 1460 91—93.
2505 1396 2651 1480 137,
2681 1396 2740 1460 8.

506 1508 593 1592 Π,
644 1509 1012 1593 143-148,
1060 1509 1578 1592 ΙΠ,172-179.
1626 1510 1738 1592 IV,
1787 1507 2069 1596 46—56.
2116 1509 2193 1605 y,
2229 1508 2506 1573 19—23.
2543 1509 2648 1592 36,
2680 1509 2739 1572 7.

508 1622 613 1705 97,
641 1621 701 1686 8.
747 1621 857 1705 VI,
884 1621 988 1704 23,
1014 1619 1076 1684 4.
1125 1620 2255 1686 94-102.376—378.471-474.
2284 1621 2740 1703 V11,90-—92.

511 1733 879 1798 135—138.
917 1733 1092 1817 VIII,
1118 1731 1223 1816 54,
1251 1731 1311 1797 ἴ).
1366 1733 1735 1798 113-126.
1776 1733 1895 1816 ΙΧ,
1926 1733 2205 1797 18-20.
2240 1734 2322 1797 79
2349 1753 2399 1798 3.
2448 1733 2739 1816 Χ,31,2.

507 1846 790 1911 36-46,
839 1845 1123 1912 95—97.
1176 1846 1322 1931 183,
1348 1847 1410 1910 4.
1458 1847 1608 1930 302,
1636 1847 1697 1911 3.
1746 1847 1896 1930 XII,
1948 1846 2035 1928 (u.
2086 1845 2381 1929 Doellen,
2428 1846 2625 1911 Beitr.
2674 1867 2737 1930 p.

505 1959 665 2042 334)
714 1959 998 2024 24—29.
1061 1960 1345 2026 40—-42,
1407 1960 1515 2044 48,
1567 1960 1626 2024 9.
1678 1959 1959 2024 57—61.
2021 1958 2304 2023 76-79,
2373 1959 2738 2023 106-110.

506 2071 687 2154 XIII,
713 2070 908 2156 2—4‚
955 2071 1240 2136 42-59,
1290 2070 1395 2156 75,
1423 2072 1482 2136 6.
1534 2071 1903 2135 131—134.
1950 2071 2318 2137 187-192,
2372 2071 2738 2135 199—208.

504 2184 680 2268 XIV,
729 2185 834 2268 23,
869 2184 932 2248 4.
986 2184 1131 2268 117,
1171 2183 1230 2247 8.
1278 2183 1420 2267 XV,
1466 2183 1836 2248 110—-112,
1882 2183 2059 2267 XVI,
2094 2183 2271 2247 4—-6
2318 2189 2437 2248 616.

679 2297 866 2361 Nune
900 2302 1114 2361 autem
1154 2294 1489 2380 permultis
1536 2295 1698 2360 loeis
1733 2294 2132 2360 Ribbeokius
2181 2294 2568 2360 strietiorem
2607 2317 2735 2361 ma·

503 2410 734 2494 gisque
778 2429 1073 2495 pressum
1118 2408 1412 2474 habitum
1459 2409 1554 2474 ita
1601 2409 1757 2474 dare
1806 2416 2091 2493 conatur,
2141 2415 2212 2474 ut
2259 2408 2553 2491 singulos
2601 2428 2737 2474 uer·

505 2542 616 2588 sus
663 2529 776 2588 aut
819 2521 1149 2605 longiores
1208 2520 1650 2604 digressiones
1699 2520 1936 2586 eiiciat.
2030 2521 2161 2586 Sed
2208 2521 2329 2586 etsi
2379 2541 2533 2586 11613
2578 2520 2739 2586 11366

505 2639 679 2699 63361
735 2633 1038 2714 medendi
1098 2633 1295 2718 rati0,
1368 2632 1788 2697 nihilominus
1846 2653 2051 2718 parua
2108 2639 2359 2698 tantum
2417 2655 2495 2700 ex
2551 2642 2737 2719 parte

505 2747 685 2832 operi
743 2746 1123 2813 suffecisset.
1215 2747 1383 2812 Nam
1436 2745 1637 2809 multo
1699 2745 1918 2829 plures
1979 2745 2105 2810 loci
2166 2752 2439 2830 restant,
2503 2748 2736 2829 quibus

503 2859 730 2926 eodem
776 2860 937 2925 uitio
981 2858 1429 2924 laborantibus
1478 2857 1731 2923 medela
1777 2858 2037 2922 omnino
2064 2858 2281 2923 afferri
2316 2861 2539 2942 nequit
2584 2861 2733 2946 nisi,

503 2973 571 3037 id
626 2972 800 3055 quod
859 2971 992 3037 iam
1046 2970 1236 3036 Ribb.
1301 2970 1570 3055 incepit,
1639 2971 1969 3037 quenalis
2032 2972 2224 3055 plane
2279 2973 2606 3038 mutiletur
2668 2981 2731 3038 et

503 3085 786 3170 speeiem
833 3105 874 3149 3
920 3103 990 3149 36
1036 3102 1300 3168 prorsus
1348 3082 1631 3148 alienam
1677 3082 1923 3148 induat.
2016 3085 2253 3149 Nostro
2312 3086 2571 3150 saeculo
2620 3086 2732 3150 alii

501 3197 666 3263 alios
715 3215 943 3263 uersus
989 3201 1060 3260 ut
1105 3214 1625 3279 superuacaneos
1675 3201 1867 3278 atque
1910 3195 2172 3280 ineptos
2215 3197 2509 3262 quenali
2554 3198 2733 3263 abiu-

501 3308 898 3374 dioauerunt.
992 3307 1275 3385 Quorum
1322 3307 1486 3372 duas
1533 3308 1721 3389 quasi
1768 3307 1943 3373 acies
2005 3308 2396 3394 distinguaS,
2462 3311 2733 3377 alteram

502 3443 739 3508 eorum,
787 3422 896 3505 qui
944 3441 1137 3504 quam
1184 3421 1497 3505 plurimos
1541 3421 1722 3486 locos
1780 3422 2078 3487 uersibus
2135 3421 2375 3506 spuriis
2432 3423 2730 3491 foedatos

501 3555 647 3602 esse
705 3535 1083 3619 uoluerunt,
1154 3555 1234 3601 ex
1293 3534 1527 3616 quibus
1595 3534 1844 3619 primus
1888 3535 2164 3618 Pinzger
2230 3535 2299 3601 in
2361 3536 2731 3603 uniuersum

499 3647 761 3713 modum
808 3649 1038 3733 tenuit,
1087 3646 1498 3713 Heinriohius
1561 3653 1779 3712 autem
1835 3653 1898 3712 et
1943 3647 2343 3714 Ribbeokius
2406 3649 2549 3716 sine
2606 3651 2729 3716 fine

498 3761 818 3843 modoque
862 3779 1090 3826 uersus
1139 3760 1482 3827 eiecerunt.
1574 3760 1799 3826 Altera
1844 3782 1925 3827 ex
1993 3768 2177 3846 parte
2224 3763 2323 3828 W.
2373 3765 2445 3828 E.
2495 3765 2730 3831 Weber

500 3892 724 3938 omnes
779 3872 1138 3938 Heinrichii
1199 3873 1524 3938 atheteses
1588 3880 1659 3938 ut
1715 3893 1921 3939 uanas
1980 3874 2206 3939 reiecit
2264 3883 2469 3960 ratus,
2530 3896 2727 3959 quan-

499 3963 758 4051 tumuis*
785 3986 940 4071 seio,
987 3985 1359 4051 quenalem
1404 3985 1676 4058 liberum
1715 4007 1756 4051 a
1794 3986 2205 4069 glossematis
2230 3987 2537 4053 traditum
2562 4010 2725 4076 esse,

501 4096 577 4163 Ο.
622 4097 890 4163 Iahnius
937 4104 1002 4163 et
1048 4097 1118 4163 G.
1166 4098 1270 4162 Fr.
1305 4098 1713 4163 Hermannus
1759 4104 1960 4163 totum
2008 4098 2147 4164 eius
2194 4099 2453 4166 dicendi
2501 4122 2726 4192 genus,

501 4209 696 4276 etiam
752 4229 980 4276 uersus
1038 4230 1558 4296 superuacaneos
1613 4213 2086 4298 languidosque
2139 4213 2305 4280 tueri
2362 4224 2556 4300 atque
2614 4239 2725 4286 eos
