3284 4792
1461 319 1858 384 *3—

720 499 806 563 Vt
866 506 1080 566 autem
1137 501 1204 565 in
1261 499 1460 585 hisce,
1521 501 1616 566 ita
1670 501 1737 565 in
1801 501 2033 568 ceteris
2082 522 2333 585 quoque
2378 502 2570 568 rebus
2608 523 2774 584 quae

542 612 867 695 pertinent
913 611 999 677 ad
1044 633 1179 678 rem
1225 614 1557 679 metricam
1607 615 2048 700 discrepantia
2096 617 2295 682 statui
2339 622 2554 701 potest
2598 616 2777 680 nulla

542 724 707 791 inter
767 725 1015 811 priores
1077 727 1311 792 satiras
1359 734 1422 793 et
1469 748 1581 794 eas
1626 747 1791 811 quas
1836 728 2026 795 Ribb.
2076 729 2145 794 in
2192 729 2617 814 suspitionem
2668 749 2772 794 uo-

543 844 665 904 cat.
757 837 1018 903 Initium
1077 839 1410 924 capiamus
1475 861 1516 906 a
1562 841 1867 906 caesuris.
1960 841 2088 907 Vix
2147 840 2772 906 commemorandum

543 972 687 1020 esse
732 951 892 1017 mihi
937 952 1212 1038 uidetur,
1263 959 1329 1018 ut
1374 953 1550 1038 apud
1591 974 1813 1020 omnes
1859 961 2087 1039 poetas
2127 955 2395 1020 Latinos
2439 955 2534 1020 ita
2580 954 2775 1020 etiam

542 1064 609 1129 in
668 1064 848 1132 hisce
909 1065 1066 1130 XVI
1127 1065 1348 1131 satiris
1401 1066 1595 1150 longe
1657 1065 2249 1150 frequentissimam
2310 1087 2455 1134 esse
2510 1066 2773 1152 penthe-

541 1177 880 1244 mimerim.
950 1178 1027 1243 In
1072 1179 1398 1264 prioribus
1443 1181 1508 1244 X
1555 1181 1776 1247 satiris
1822 1201 2027 1264 aeque
2075 1188 2267 1264 atque
2314 1182 2382 1247 in
2430 1182 2520 1247 VI
2564 1185 2776 1265 poste-

540 1289 886 1357 terioribus
949 1297 1182 1356 octaua
1239 1299 1492 1357 tantum
1551 1300 1665 1359 aut
1726 1314 1900 1358 nona
1943 1314 2097 1378 pars
2146 1294 2427 1376 omnium
2474 1311 2774 1359 uersuum

539 1401 1033 1488 penthemimeri
1093 1410 1286 1470 caret.
1381 1405 1563 1483 Quae
1625 1411 1690 1471 et
1749 1405 1859 1470 hic
1914 1412 1979 1471 et
2024 1405 2156 1471 illic
2204 1413 2315 1471 aut
2361 1407 2503 1472 sola
2548 1410 2779 1489 regnat

540 1517 608 1581 in
655 1535 848 1583 uersu
911 1516 1008 1604 (ut
1053 1517 1229 1601 VIII,
1257 1517 1406 1581 261.
1454 1517 1538 1602 Χ,
1587 1518 1673 1582 46
1722 1517 1871 1605 etc.)
1933 1519 2105 1601 quod
2166 1525 2384 1584 tamen
2429 1519 2639 1584 rarius
2685 1539 2777 1584 re-

540 1629 803 1714 peritur,
851 1635 962 1694 aut
1008 1629 1351 1694 coniuncta
1386 1636 1484 1695 est
1525 1649 1669 1695 cum
1709 1630 2156 1696 trithemimeri
2206 1631 2303 1716 (ut
2338 1632 2421 1716 Π,
2450 1632 2554 1696 74.
2601 1631 2777 1714 XVI,

541 1741 626 1808 55
674 1743 845 1829 etc.),
905 1762 1048 1808 cum
1109 1743 1645 1828 hephthemimeri
1708 1742 1805 1830 (ut
1849 1744 1992 1828 VII,
2025 1746 2171 1809 111.
2219 1745 2403 1829 XIII,
2430 1744 2560 1809 215
2607 1745 2776 1830 etc.),

541 1873 684 1918 cum
706 1853 1155 1920 trithemimeri
1195 1860 1259 1920 et
1297 1854 1833 1939 hephthemimeri
1873 1855 1969 1943 (ut
2007 1859 2089 1941 ΙΙ,
2121 1858 2266 1922 101.
2315 1857 2459 1942 XV,
2486 1859 2570 1922 10
2607 1859 2776 1944 etc.),

538 1972 798 2050 praeter
856 1966 976 2032 hos
1039 1968 1218 2034 uarie
1267 1988 1409 2034 cum
1456 1969 1823 2036 trochaicis,
1872 2011 1958 2019 —
2030 1971 2332 2054 Sequitur
2378 1970 2778 2057 hephthemi-

538 2080 755 2166 meris‚
833 2089 1091 2166 praeter
1163 2083 1719 2168 penthemimerim
1779 2091 1891 2149 aut
1953 2085 2296 2150 coniuncta
2354 2104 2496 2150 cum
2562 2084 2778 2150 trithe-

539 2195 792 2262 mimeri
851 2197 948 2282 (ut
993 2197 1078 2282 II,
1107 2197 1210 2262 68.
1269 2197 1444 2281 XVI,
1470 2197 1558 2262 45
1615 2197 1765 2284 etc.)
1825 2203 1936 2262 aut
1998 2215 2141 2262 cum
2209 2196 2655 2262 trithemimeri
2718 2203 2781 2262 et

542 2311 735 2376 tertia
793 2311 1123 2378 trochaica
1181 2310 1279 2400 (ut
1323 2313 1375 2398 I,
1421 2313 1568 2378 120.
1632 2312 1775 2396 XV,
1817 2312 1858 2375 2
1906 2315 2076 2398 etc).
2146 2313 2318 2376 Raro
2381 2308 2777 2394 hephthemi-

542 2423 738 2490 meris
794 2424 1022 2490 horum
1085 2425 1329 2490 anxilio
1393 2425 1782 2510 destituitur,
1855 2424 1971 2490 sed
2032 2424 2275 2510 pariter
2332 2423 2398 2487 in
2455 2421 2779 2506 prioribus

537 2541 730 2618 atque
787 2536 855 2601 in
916 2538 1384 2622 posterioribus
1447 2540 1696 2623 satiris,
1767 2561 1828 2604 u.
1889 2539 1940 2623 I,
1986 2537 2131 2603 135.
2180 2538 2291 2621 VI,
2330 2537 2479 2619 327,
2521 2536 2652 2600 366
2715 2539 2779 2600 et

536 2668 782 2734 paucos
844 2650 1008 2716 alios
1066 2669 1290 2736 uerss.,
1355 2657 1490 2717 tum
1547 2653 1630 2738 X,
1668 2652 1817 2717 229.
1865 2651 2039 2734 XIV,
2087 2650 2232 2715 196.
2283 2649 2432 2714 256.
2481 2649 2622 2731 XV,
2671 2647 2777 2714 81.

537 2762 713 2846 XVI,
739 2761 845 2828 34.
915 2763 1146 2830 Nullus
1194 2769 1409 2829 autem
1455 2784 1570 2848 per
1619 2783 1841 2830 omnes
1889 2764 2123 2828 satiras
2170 2783 2397 2829 uersus
2446 2762 2776 2852 reperitur,

540 2875 653 2941 ubi
712 2874 1285 2961 hephthemimeris
1347 2895 1492 2940 cum
1554 2876 1731 2942 nulla
1792 2876 1923 2942 alia
1970 2895 2240 2941 caesura
2286 2873 2630 2941 coniuncta
2676 2873 2777 2949 sit,

536 2988 666 3055 nisi
692 3009 835 3054 cum
866 2989 1061 3055 tertia
1083 2988 1414 3055 trochaica
1445 2996 1557 3056 aut
1581 3010 1725 3055 cum
1750 2989 1943 3055 tertia
1967 2996 2029 3054 et
2054 2988 2341 3054 secunda
2362 2987 2695 3052 trochaica
2706 2987 2777 3072 1).

538 3141 626 3150 —-
671 3102 1002 3169 Interdum
1061 3102 1292 3167 harum
1364 3121 1776 3168 caesurarum
1838 3101 1996 3167 solis
2053 3101 2247 3167 tertia
2318 3099 2649 3167 trochaica
2717 3105 2779 3163 et

539 3214 987 3282 trithemimeri
1042 3233 1270 3280 uersus
1331 3213 1770 3300 distinguitur,
1840 3221 1993 3280 tunc
2054 3219 2268 3279 antem
2328 3213 2463 3280 fere
2526 3234 2779 3298 semper

693 3452 734 3525 1)
773 3451 937 3519 Quod
983 3454 1129 3508 enim
1169 3453 1374 3508 attinet
1409 3453 1482 3508 ad
1519 3469 1637 3523 eas,
1676 3470 1824 3524 quae
1864 3453 1989 3508 cu'm
2027 3470 2097 3508 ea
2134 3454 2431 3509 coniuncta
2468 3460 2616 3524 sunt,
2656 3471 2777 3511 cae-

541 3560 726 3613 suras,
764 3543 905 3598 hacc
941 3558 1044 3598 sex
1081 3543 1577 3612 hephthemimeris
1616 3559 1831 3614 genera
1868 3544 2021 3613 apud
2042 3549 2245 3613 poetas
2284 3544 2489 3599 latinos
2520 3545 2580 3598 L.
2606 3547 2777 3600 Mucl-

537 3636 619 3690 ler
654 3649 709 3702 p.
749 3633 853 3688 198
890 3631 1214 3702 distinguit:

877 3751 1506 3774 ψψψψψψψ
1526 3721 2457 3794 Ιψψ-Ηψψ-ψψ--

876 3812 1323 3884 -ψψ-ιψ
1354 3842 1511 3864 ψ-
1542 3811 2360 3884 ψιψ-ιιψψ-ψψ-
2392 3847 2457 3854 -

879 3903 1238 3974 -ψψ-ι
1255 3932 1801 3956 ψψψψψψ
1821 3903 1839 3975 n
1857 3934 2457 3959 ψψψψψψψψ

877 4023 1602 4048 ψψψψψψψψ
1619 3993 2457 4065 Ιψ--Ηψψ-ψψ--

878 4115 1314 4138 VVVVV
1329 4083 2455 4156 ιψ-νΙψ-Ηνψ-νψ--

877 4205 1799 4230 ψψψψψψψψψψ
1820 4179 1838 4250 ΙΙ
1857 4208 1928 4230 ψ
1946 4207 2019 4230 ψ
2036 4207 2101 4217 ⁸⁸-
2121 4207 2194 4230 V
2210 4209 2283 4232 V
2300 4209 2367 4218 -“
2390 4209 2455 4219 -“

542 4277 778 4334 quorum
817 4265 1001 4322 tribus
1039 4265 1249 4322 ultimis
1286 4281 1410 4322 raro
1449 4271 1667 4323 tantum
1706 4272 1957 4324 utuntur.
