3284 4792
1403 369 1846 436 ,31-

503 554 748 638 passim
811 575 927 641 per
993 575 1218 621 omnes
1281 555 1517 620 satiras
1578 554 1933 641 dispersae.
2026 556 2113 620 At
2156 554 2317 621 nihil
2375 553 2744 639 peruersius

505 673 696 751 esset,
743 687 936 750 quam
983 674 1234 752 partem
1281 687 1500 732 earum
1538 667 2109 752 interpolatoribus
2154 668 2456 752 tribuere,
2504 666 2745 752 quippe

504 798 667 860 quas
715 800 858 845 cum
903 787 1078 847 totus
1125 781 1430 846 dictionis
1469 781 1761 865 habitus,
1809 787 1945 845 tum
1986 780 2047 846 ei
2086 786 2387 846 tueantur
2422 779 2565 864 loci,
2613 779 2742 865 qui,

505 911 648 955 cum
694 912 824 957 non
870 891 1044 959 idem
1089 893 1237 958 finis
1285 893 1380 958 eis
1429 892 1514 958 sit
1561 914 1637 958 ac
1686 893 1999 977 uersibus,
2064 892 2211 958 eiici
2258 913 2386 958 non
2434 900 2743 977 possunt:

504 1006 646 1090 VII,
685 1007 789 1091 77,
831 1007 890 1071 8.
935 1006 1082 1072 145.
1129 1006 1306 1090 VIII,
1349 1007 1453 1070 73.
1501 1006 1616 1090 ΙΧ,
1659 1007 1761 1090 18,
1806 1025 1891 1070 ss
1939 1006 2088 1090 XII,
2126 1006 2232 1070 55.
2280 1005 2463 1090 XIII,
2490 1006 2575 1070 75
2623 1011 2742 1071 etc.

505 1117 928 1182 Verissimum
969 1119 1050 1184 de
1085 1118 1227 1184 loco
1262 1125 1484 1182 nostro
1524 1117 1834 1182 iudicium
1874 1115 2331 1182 Doederlinius
2382 1117 2449 1182 in
2488 1118 2742 1184 Mflnch.

507 1229 630 1313 gel.
678 1232 834 1296 Anz.
882 1233 1034 1309 XII,
1061 1233 1190 1297 989
1236 1230 1712 1317 pronuntiauit:
1761 1233 1895 1316 „Es
1944 1235 2027 1297 ist
2062 1233 2427 1318 allerdinys
2465 1234 2604 1296 eine
2626 1233 2744 1296 all-

505 1347 786 1428 9emeine
835 1343 1100 1410 Sentenz
1146 1347 1284 1409 und
1318 1347 1473 1432 jede
1521 1343 1785 1409 Sentenz
1832 1346 2007 1407 kann
2052 1347 2126 1408 in
2174 1346 2291 1408 der
2336 1347 2537 1431 Reyel
2583 1369 2739 1433 wey-

509 1459 776 1542 bleiben,
838 1459 998 1523 ohne
1059 1459 1168 1522 die
1230 1457 1608 1522 historische
1675 1456 2209 1521 Gadankenreihc
2269 1481 2350 1521 zu
2404 1466 2741 1523 zerst‘o’ren.

506 1572 780 1634 Damus
808 1571 992 1656 folqt
1037 1569 1195 1634 aber
1241 1570 1400 1634 noch
1445 1570 1642 1652 nicht,
1695 1570 1849 1634 dass
1894 1570 1988 1633 sie
2034 1569 2401 1655 cinqeflickt
2443 1572 2555 1635 sci.

686 1683 795 1748 Sic
854 1682 1030 1765 VIII,
1082 1681 1228 1765 140,
1282 1682 1312 1744 1
1380 1699 1632 1762 quoque
1695 1686 1760 1744 et
1804 1679 1919 1764 IX,
1968 1680 2073 1764 79,
2124 1699 2174 1744 s,
2223 1679 2545 1745 retinendi
2592 1688 2743 1745 sunt

511 1815 721 1877 neque

719 1906 790 1975 V,
831 1906 964 1960 140:
1002 1904 1305 1959 iucundum
1343 1907 1402 1959 et
1437 1920 1626 1958 carum
1666 1903 1873 1958 sterilis
1911 1901 2049 1957 facit
2084 1918 2230 1957 uxor
2267 1903 2520 1959 amicum.

509 2025 889 2092 eiicienduS.
984 2025 1127 2090 Etsi
1175 2025 1347 2090 enim
1396 2024 1725 2090 amicum
1772 2024 2037 2088 multum
2085 2023 2329 2089 recedit
2373 2046 2415 2090 a
2460 2025 2526 2090 ui
2560 2047 2743 2111 prae-

509 2137 874 2203 cedentium
921 2138 1278 2203 dominus
1325 2142 1581 2203 tamen
1641 2143 1714 2202 et
1761 2136 2046 2202 domini
2108 2158 2270 2222 rex,
2329 2145 2547 2203 tamen
2605 2159 2744 2203 sen-

511 2250 755 2315 tentiae
805 2250 1094 2333 generali
1153 2251 1480 2315 condones
1542 2249 1947 2334 uocabulum,
1996 2249 2197 2334 quod,
2256 2249 2553 2332 quamuis
2609 2251 2739 2315 lan·

512 2361 792 2446 gnidius,
839 2367 1058 2428 tamen
1093 2361 1180 2446 id,
1229 2362 1314 2427 ad
1354 2361 1524 2444 quod
1563 2367 1832 2446 spectat,
1871 2362 2037 2427 bene
2080 2363 2417 2448 complecti
2449 2363 2741 2450 possit1).

511 2475 758 2540 Eadem
801 2473 938 2540 fere
985 2474 1281 2539 condicio
1329 2481 1427 2539 est
1473 2493 1534 2538 u.
1588 2474 1715 2538 138
1762 2480 1880 2538 sat.
1930 2474 2086 2539 VII:

727 2587 832 2643 sed
868 2585 1033 2642 finem
1070 2586 1361 2655 impensae
1398 2602 1509 2641 non
1549 2591 1743 2641 seruat
1776 2587 2019 2656 prodiga
2053 2588 2249 2642 Roma.

513 2710 610 2774 Ea
656 2708 806 2793 ipsa
850 2707 1172 2794 particula
1218 2707 1368 2772 sed
1412 2706 1588 2772 haud
1636 2727 1782 2771 raro
1830 2706 2180 2771 introducit
2237 2705 2582 2771 enunciata
2641 2726 2738 2789 ea,

511 2840 678 2901 quae
725 2826 835 2885 aut
879 2839 1144 2905 prorsus
1191 2839 1681 2903 superuacanea
1726 2825 1791 2884 et
1840 2819 1983 2884 sine
2030 2818 2163 2884 ulla
2193 2818 2582 2884 necessitate
2628 2818 2739 2883 ad-

511 2932 648 2997 dita
695 2938 807 2997 aut
853 2931 1239 2998 sententiam
1288 2937 1482 2995 antea
1529 2951 1610 2995 ex
1656 2937 1841 3014 parte
1888 2937 2138 2995 tantum
2194 2930 2534 3015 probatam
2593 2949 2739 3014 sup-

512 3044 761 3130 plentia
804 3051 974 3110 totos
1020 3045 1166 3109 illos
1213 3045 1390 3108 locos
1435 3042 1782 3125 languidos
1832 3050 1896 3107 et
1943 3042 2381 3108 claudicantes
2439 3040 2738 3108 reddunt.

511 3178 572 3223 u.
620 3159 739 3242 ΠΙ,
789 3159 920 3222 232
967 3177 1054 3222 ss.
1103 3157 1213 3240 IV,
1275 3157 1379 3220 27.
1428 3155 1514 3219 96
1562 3175 1648 3220 ss.
1707 3155 1783 3238 V,
1835 3155 2048 3239 147,8.
2111 3155 2221 3238 VI,
2268 3155 2418 3219 471.
2480 3156 2628 3239 660,
2680 3157 2739 3220 1.

511 3271 689 3355 VIII,
717 3271 868 3334 236.
893 3271 976 3355 Χ,
1011 3270 1117 3354 31,
1155 3270 1216 3332 2.
1267 3269 1371 3332 97.
1397 3268 1547 3352 XII,
1573 3267 1681 3350 41,
1709 3266 1769 3330 2.
1805 3266 1912 3331 48.
1938 3267 2114 3350 XIV,
2139 3266 2246 3330 43.
2271 3266 2378 3330 49.
2417 3268 2562 3332 117.
2593 3267 2737 3332 194.

547 3407 617 3473 V,
659 3404 968 3458 107—113:
1007 3403 1123 3472 Ipsi
1159 3417 1342 3470 pauca
1376 3401 1561 3469 uelim,
1598 3399 1820 3455 facilem
1862 3400 1909 3456 si
1945 3400 2220 3468 praebeat
2258 3415 2466 3455 aurem.

1013 3512 1210 3572 „nemo
1246 3496 1408 3565 petit,
1445 3496 1678 3550 modicis
1716 3511 1863 3565 quae
1901 3495 2267 3550 mittebantur
2305 3496 2499 3552 amicis

1010 3608 1046 3646 a
1079 3592 1312 3660 Seneca,
1353 3607 1500 3661 quae
1539 3591 1673 3646 Piso
1711 3589 1914 3659 bonus,
1954 3606 2101 3660 quae
2141 3589 2311 3645 Cotta
2348 3590 2570 3646 solebat

1009 3686 1197 3756 largiri
1236 3685 1499 3758 (namque
1538 3690 1599 3740 et
1634 3684 1815 3740 titulis
1854 3689 1912 3740 et
1949 3684 2200 3740 fascibus
2239 3685 2369 3740 olim

1015 3779 1190 3835 maior
1226 3779 1543 3835 habebatur
1579 3780 1824 3835 donandi
1862 3777 2082 3850 gloria),
2122 3781 2301 3835 solum

658 3940 699 4013 ¹)
749 3941 1013 3997 Ceterum
1061 3938 1230 3994 miror
1263 3941 1565 3994 Hermanni
1603 3941 1806 4010 uerba,
1854 3943 1950 4012 qui
1988 3940 2167 4011 praef.
2206 3943 2397 3998 XXIII
2433 3944 2581 4000 hunc
2618 3963 2741 4001 uer-

511 4048 664 4100 sum,
718 4031 978 4100 quamuis
1028 4030 1101 4085 ad
1147 4030 1357 4084 leonini
1403 4031 1651 4099 speciem
1701 4033 2099 4100 compositum,
2152 4037 2338 4089 tamen
2389 4035 2738 4090 retinendum

510 4137 642 4176 esse
690 4121 840 4175 dicit.
926 4120 1066 4174 Nam
1114 4119 1409 4174 satirarum
1457 4126 1692 4188 poetae,
1741 4121 2044 4190 praecipue
2094 4123 2379 4178 quenalis
2428 4125 2739 4192 permultos

509 4226 715 4265 uersus
752 4208 991 4274 habent,
1041 4207 1139 4278 qui
1175 4208 1231 4261 in
1270 4209 1508 4262 eundem
1547 4225 1746 4264 sonum
1784 4215 2022 4278 exeunt,
2072 4211 2170 4280 qui
2207 4216 2299 4266 est
2336 4217 2467 4267 ante
2504 4215 2739 4281 penthe-

509 4315 797 4354 mimenm.
