3284 4792
1413 304 1860 369 -16-

515 488 612 555 ita
658 488 830 572 quod
869 488 1101 555 attinet
1136 487 1220 554 ad
1253 487 1626 573 prosodiam
1664 487 1907 552 nullum
1943 486 2112 554 inter
2149 486 2397 572 priores
2439 492 2505 553 et
2542 492 2755 572 poste—

518 602 720 670 riores
781 601 1016 670 satiras
1078 601 1445 686 discrimen,
1519 600 1690 684 quod
1754 600 1859 666 uel
1905 599 2237 666 minimam
2284 598 2755 668 dubitationem

518 716 602 784 de
647 717 875 784 eodem
925 716 1208 782 omnium
1255 714 1597 781 satirarum
1647 714 1961 800 scriptore
2006 721 2283 781 moueat.

1568 1417 1697 1500 11.

693 1620 1094 1686 Accedentes
1155 1639 1326 1684 nunc
1383 1618 1468 1684 ad
1529 1619 1799 1685 alteram
1845 1617 2037 1685 huius
2083 1619 2285 1708 libelli
2332 1624 2582 1703 partem
2629 1619 2756 1703 pri-

519 1753 712 1818 mum,
761 1731 932 1815 quod
979 1733 1211 1798 attinet
1256 1731 1342 1796 ad
1378 1738 1777 1816 argumenta,
1826 1732 1978 1796 hinc
2016 1733 2257 1796 nullam
2299 1751 2563 1797 causam
2610 1732 2755 1796 reii—

521 1845 894 1912 ciendarum
918 1845 1345 1928 posteriorum
1372 1845 1462 1908 Vl
1488 1843 1831 1909 satirarum
1860 1844 2025 1910 sumi
2050 1863 2246 1929 posse
2284 1843 2752 1928 contendimus,

522 1977 670 2024 cum
734 1958 802 2024 G.
850 1959 955 2023 Fr.
1007 1959 1414 2022 Hermannus
1463 1957 1805 2039 (Zeitschr.
1853 1957 1897 2022 f.
1945 1958 2423 2024 Alterthumsw.
2476 1959 2648 2022 1844
2691 1980 2755 2043 p.

521 2073 605 2137 73
654 2071 770 2158 ss.)
819 2068 1192 2155 ostenderit,
1254 2069 1378 2146 XV
1425 2069 1666 2134 satirae
1712 2077 2180 2156 argumentum,
2230 2071 2399 2153 quod
2447 2069 2753 2137 facillime

521 2185 944 2270 suspitionem
1007 2201 1266 2248 mouere
1327 2183 1554 2267 possit,
1623 2184 1889 2250 minime
1948 2185 2317 2270 discrepare
2380 2203 2523 2250 cum
2569 2184 2753 2249 que-

520 2297 688 2363 nalis
745 2295 1099 2382 propositO,
1160 2301 1248 2380 ut,
1313 2295 1624 2377 quidquid
1672 2303 1874 2380 agant
1917 2296 2214 2362 homines
2260 2295 2412 2362 inde
2460 2298 2542 2362 ab
2590 2295 2751 2361 anti-

519 2411 847 2494 quissimis
908 2408 1325 2494 temporibuS,
1395 2416 1634 2493 uotum,
1710 2411 2023 2496 timorem,
2092 2411 2272 2496 iram,
2335 2410 2753 2495 uoluptatem,

521 2522 780 2608 gaudia,
830 2522 1162 2587 discursus
1206 2521 1408 2586 libelli
1457 2522 1557 2588 sui
1601 2523 1994 2608 farraginem
2042 2525 2261 2591 faciat.
2312 2523 2399 2608 (u.
2440 2526 2492 2609 I,
2520 2525 2599 2589 81
2637 2523 2752 2608 ss.)

519 2638 837 2704 Nimirum
893 2638 1242 2724 quenalis,
1319 2648 1390 2706 ut
1442 2645 1640 2725 poeta
1700 2640 2048 2729 Romanus,
2103 2637 2452 2723 praecipue
2508 2637 2575 2702 in
2632 2638 2753 2701 Ro-

518 2773 852 2819 manorum
918 2753 1078 2818 uitia
1136 2753 1430 2820 inuectus
1493 2760 1611 2837 est,
1676 2753 1790 2818 sed
1851 2760 2194 2837 propterea
2239 2750 2467 2834 negari
2513 2749 2753 2833 nequit,

521 2885 666 2932 eum
722 2864 978 2930 facinus
1037 2865 1104 2930 in
1158 2867 1514 2949 longinqua
1574 2871 1749 2930 terra
1795 2886 1836 2930 a
1880 2864 2179 2930 barbaris
2228 2865 2641 2929 commissum
2686 2863 2755 2927 in

518 2977 827 3043 iudicium
875 2997 1109 3043 uocare
1156 2978 1465 3070 potuisse.
1539 2977 1794 3042 Satirae
1840 2985 2055 3042 autem
2103 2977 2260 3042 XVI
2304 2981 2754 3058 argumentum

519 3095 768 3154 tantum
815 3089 1021 3173 abest,
1093 3095 1164 3154 ut
1222 3088 1600 3174 posterioris
1649 3095 1977 3155 auctorem
2022 3089 2332 3173 temporis
2376 3087 2639 3173 indicet,
2688 3093 2757 3152 ut

523 3211 746 3270 contra
791 3203 859 3268 id
905 3204 1118 3288 ipsum
1153 3203 1447 3269 quenali
1484 3204 1603 3268 sub
1645 3203 1930 3268 Traiano
1979 3208 2043 3268 et
2081 3201 2435 3286 HadrianO,
2482 3201 2754 3286 impera-

521 3317 770 3382 toribus
816 3317 968 3383 belli
1016 3317 1451 3399 uictoriaeque
1496 3317 1887 3401 amantibus,
1936 3316 2127 3398 quasi
2171 3316 2337 3382 ultro
2385 3336 2530 3381 sese
2578 3315 2755 3380 obtu-

519 3430 676 3496 lisse
733 3429 1091 3496 rectissime
1148 3430 1278 3495 iam
1325 3431 1424 3496 W.
1473 3431 1546 3494 E.
1596 3430 1849 3513 Weber,
1909 3429 2032 3494 Die
2093 3428 2348 3495 Satiren
2410 3427 2527 3493 des
2572 3427 2755 3492 que-

522 3543 651 3627 nal,
698 3564 760 3627 p.
812 3543 943 3607 604
989 3541 1183 3608 dicat.
1225 3544 1352 3624 ,Ex
1399 3542 1665 3624 reliquis
1713 3547 2012 3624 quattuor
2058 3541 2276 3608 satiris
2323 3540 2403 3608 de
2451 3543 2590 3608 sola
2627 3542 2758 3605 XII

524 3655 997 3722 dissensionem
1045 3655 1196 3720 oriri
1243 3675 1438 3740 posse
1492 3660 1670 3740 puto.
1764 3653 1958 3718 Dicat
2004 3654 2174 3719 enim
2221 3654 2385 3739 quis,
2436 3674 2566 3719 non
2614 3673 2757 3720 esse

525 3769 765 3835 satirae
824 3768 1286 3835 quenalianae
1355 3768 1756 3851 describere,
1837 3767 2156 3850 quomodo
2218 3773 2452 3851 poetae
2512 3766 2758 3832 amicus

529 3890 824 3971 „praeter
876 3881 1098 3965 pelagi
1159 3901 1350 3947 casus
1397 3886 1461 3946 et
1517 3879 1805 3945 fulminis
1851 3879 2059 3946 ictus“
2112 3880 2394 3946 euaserit
2440 3885 2505 3944 et
2550 3878 2757 3963 expri-

524 4019 718 4082 mere,
801 4015 927 4080 quo
996 3995 1103 4062 ille
1174 3994 1414 4077 gaudio
1484 3995 1565 4060 ob
1636 3993 1908 4059 salutem
1978 3993 2172 4058 huius
2240 3992 2759 4078 inexspectatam

527 4111 794 4177 affectus
842 4109 945 4176 sit.
1036 4108 1123 4173 At
1168 4107 1394 4175 eodem
1427 4108 1567 4174 iure
1601 4106 2017 4192 postularem,
2064 4113 2135 4172 ut
2175 4113 2295 4174 sat.
2342 4107 2442 4171 XI
2487 4124 2758 4188 quoque,

528 4242 656 4303 qua
699 4221 1029 4286 Persicum
1077 4220 1310 4285 inuitat
1353 4220 1438 4285 ad
1487 4220 1842 4304 simplicem
1892 4240 2136 4304 cenam,
2193 4239 2385 4301 quam
2432 4219 2760 4303 describit,
