<?xml version="1.0" encoding="UTF-8"?>
<!DOCTYPE html PUBLIC "-//W3C//DTD XHTML 1.0 Transitional//EN"
    "http://www.w3.org/TR/xhtml1/DTD/xhtml1-transitional.dtd">
<html xmlns="http://www.w3.org/1999/xhtml" xml:lang="en" lang="en">
 <head>
  <title>
</title>
<meta http-equiv="Content-Type" content="text/html;charset=utf-8" />
  <meta name='ocr-system' content='tesseract 3.04.00' />
  <meta name='ocr-capabilities' content='ocr_page ocr_carea ocr_par ocr_line ocrx_word'/>
</head>
<body>
  <div class='ocr_page' id='page_1' title='image "./vindiciaeivvena00unkngoog_0027.png"; bbox 0 0 3284 4792; ppageno 0'>
   <div class='ocr_carea' id='block_1_1' title="bbox 1356 394 1800 458">
    <p class='ocr_par' dir='ltr' id='par_1_1' title="bbox 1356 394 1800 458">
     <span class='ocr_line' id='line_1_1' title="bbox 1356 394 1800 458; baseline -0.002 -16"><span class='ocrx_word' id='word_1_1' title='bbox 1356 394 1800 458; x_wconf 75' lang='lat'><strong>-17-</strong></span> 
     </span>
    </p>
   </div>
   <div class='ocr_carea' id='block_1_2' title="bbox 449 573 2695 3707">
    <p class='ocr_par' dir='ltr' id='par_1_2' title="bbox 451 573 2695 3255">
     <span class='ocr_line' id='line_1_2' title="bbox 463 573 2695 644; baseline -0 -3"><span class='ocrx_word' id='word_1_2' title='bbox 463 577 760 643; x_wconf 89' lang='lat' dir='ltr'><strong>quenali</strong></span> <span class='ocrx_word' id='word_1_3' title='bbox 806 577 1302 643; x_wconf 86' lang='lat' dir='ltr'><strong>abiudicaretur.</strong></span> <span class='ocrx_word' id='word_1_4' title='bbox 1372 577 1804 644; x_wconf 83' lang='lat' dir='ltr'>Nihilominus</span> <span class='ocrx_word' id='word_1_5' title='bbox 1852 575 2247 642; x_wconf 89' lang='lat' dir='ltr'><strong>Ribbeckius</strong></span> <span class='ocrx_word' id='word_1_6' title='bbox 2306 573 2476 640; x_wconf 84' lang='lat' dir='ltr'><strong>hanc</strong></span> <span class='ocrx_word' id='word_1_7' title='bbox 2528 574 2695 640; x_wconf 92' lang='lat' dir='ltr'><strong>inter</strong></span> 
     </span>
     <span class='ocr_line' id='line_1_3' title="bbox 459 688 2688 774; baseline -0 -22"><span class='ocrx_word' id='word_1_8' title='bbox 459 689 715 773; x_wconf 88' lang='lat' dir='ltr'><strong>spurias</strong></span> <span class='ocrx_word' id='word_1_9' title='bbox 779 709 923 754; x_wconf 90' lang='lat' dir='ltr'><strong>esse</strong></span> <span class='ocrx_word' id='word_1_10' title='bbox 980 711 1110 756; x_wconf 89' lang='lat' dir='ltr'><strong>non</strong></span> <span class='ocrx_word' id='word_1_11' title='bbox 1167 691 1324 755; x_wconf 88' lang='lat' dir='ltr'><strong>uult.</strong></span> <span class='ocrx_word' id='word_1_12' title='bbox 1414 691 1561 755; x_wconf 88' lang='lat' dir='ltr'><strong>Non</strong></span> <span class='ocrx_word' id='word_1_13' title='bbox 1623 689 1721 754; x_wconf 93' lang='lat' dir='ltr'><strong>eis</strong></span> <span class='ocrx_word' id='word_1_14' title='bbox 1766 689 1981 774; x_wconf 90' lang='lat' dir='ltr'><strong>rebus,</strong></span> <span class='ocrx_word' id='word_1_15' title='bbox 2044 689 2125 754; x_wconf 93' lang='lat' dir='ltr'><strong>de</strong></span> <span class='ocrx_word' id='word_1_16' title='bbox 2172 688 2407 771; x_wconf 90' lang='lat' dir='ltr'><strong>quibus</strong></span> <span class='ocrx_word' id='word_1_17' title='bbox 2452 688 2688 772; x_wconf 87' lang='lat' dir='ltr'><strong>agitur,</strong></span> 
     </span>
     <span class='ocr_line' id='line_1_4' title="bbox 459 799 2693 889; baseline -0.001 -21"><span class='ocrx_word' id='word_1_18' title='bbox 459 803 575 868; x_wconf 89' lang='lat' dir='ltr'><strong>sed</strong></span> <span class='ocrx_word' id='word_1_19' title='bbox 621 805 891 889; x_wconf 90' lang='lat' dir='ltr'><strong>ratione,</strong></span> <span class='ocrx_word' id='word_1_20' title='bbox 942 824 1070 886; x_wconf 87' lang='lat' dir='ltr'><strong>qua</strong></span> <span class='ocrx_word' id='word_1_21' title='bbox 1113 823 1218 869; x_wconf 90' lang='lat' dir='ltr'><strong>res</strong></span> <span class='ocrx_word' id='word_1_22' title='bbox 1264 810 1642 887; x_wconf 78' lang='lat' dir='ltr'><strong>tractantur,</strong></span> <span class='ocrx_word' id='word_1_23' title='bbox 1694 803 1897 869; x_wconf 85' lang='lat' dir='ltr'><strong>satira</strong></span> <span class='ocrx_word' id='word_1_24' title='bbox 1940 803 2029 868; x_wconf 91' lang='lat' dir='ltr'><strong>fit.</strong></span> <span class='ocrx_word' id='word_1_25' title='bbox 2105 801 2265 866; x_wconf 91' lang='lat' dir='ltr'>Mihi</span> <span class='ocrx_word' id='word_1_26' title='bbox 2311 806 2525 867; x_wconf 86' lang='lat' dir='ltr'><strong>autem</strong></span> <span class='ocrx_word' id='word_1_27' title='bbox 2569 799 2693 865; x_wconf 90' lang='lat' dir='ltr'><strong>hoc</strong></span> 
     </span>
     <span class='ocr_line' id='line_1_5' title="bbox 456 912 2693 1001; baseline -0.001 -21"><span class='ocrx_word' id='word_1_28' title='bbox 456 935 660 997; x_wconf 90' lang='lat' dir='ltr'><strong>aeque</strong></span> <span class='ocrx_word' id='word_1_29' title='bbox 718 917 1041 1001; x_wconf 88' lang='lat' dir='ltr'><strong>pertinere</strong></span> <span class='ocrx_word' id='word_1_30' title='bbox 1100 916 1355 982; x_wconf 89' lang='lat' dir='ltr'><strong>uidetur</strong></span> <span class='ocrx_word' id='word_1_31' title='bbox 1413 915 1496 980; x_wconf 91' lang='lat' dir='ltr'><strong>ad</strong></span> <span class='ocrx_word' id='word_1_32' title='bbox 1557 922 1678 980; x_wconf 89' lang='lat' dir='ltr'><strong>sat.</strong></span> <span class='ocrx_word' id='word_1_33' title='bbox 1740 916 1873 979; x_wconf 90' lang='lat' dir='ltr'><strong>XII</strong></span> <span class='ocrx_word' id='word_1_34' title='bbox 1934 921 2127 996; x_wconf 88' lang='lat' dir='ltr'><strong>atque</strong></span> <span class='ocrx_word' id='word_1_35' title='bbox 2174 913 2259 978; x_wconf 90' lang='lat' dir='ltr'><strong>ad</strong></span> <span class='ocrx_word' id='word_1_36' title='bbox 2303 913 2421 978; x_wconf 91' lang='lat' dir='ltr'><strong>XI.</strong></span> <span class='ocrx_word' id='word_1_37' title='bbox 2512 912 2693 978; x_wconf 86' lang='lat' dir='ltr'><strong>Haec</strong></span> 
     </span>
     <span class='ocr_line' id='line_1_6' title="bbox 458 1028 2693 1114; baseline 0 -23"><span class='ocrx_word' id='word_1_38' title='bbox 458 1028 939 1114; x_wconf 88' lang='lat' dir='ltr'><strong>simplicitatem</strong></span> <span class='ocrx_word' id='word_1_39' title='bbox 987 1031 1127 1096; x_wconf 91' lang='lat' dir='ltr'><strong>eius</strong></span> <span class='ocrx_word' id='word_1_40' title='bbox 1178 1050 1396 1114; x_wconf 84' lang='lat' dir='ltr'><strong>cenae,</strong></span> <span class='ocrx_word' id='word_1_41' title='bbox 1446 1029 1532 1094; x_wconf 88' lang='lat' dir='ltr'><strong>ad</strong></span> <span class='ocrx_word' id='word_1_42' title='bbox 1579 1049 1772 1111; x_wconf 90' lang='lat' dir='ltr'><strong>quam</strong></span> <span class='ocrx_word' id='word_1_43' title='bbox 1820 1029 2068 1094; x_wconf 86' lang='lat' dir='ltr'><strong>amicus</strong></span> <span class='ocrx_word' id='word_1_44' title='bbox 2117 1033 2403 1112; x_wconf 85' lang='lat' dir='ltr'><strong>uocatur,</strong></span> <span class='ocrx_word' id='word_1_45' title='bbox 2441 1032 2517 1091; x_wconf 79' lang='lat' dir='ltr'><strong>‘et</strong></span> <span class='ocrx_word' id='word_1_46' title='bbox 2560 1046 2693 1092; x_wconf 88' lang='lat' dir='ltr'><strong>ma-</strong></span> 
     </span>
     <span class='ocr_line' id='line_1_7' title="bbox 456 1139 2692 1227; baseline 0 -25"><span class='ocrx_word' id='word_1_47' title='bbox 456 1139 664 1204; x_wconf 88' lang='lat' dir='ltr'><strong>iorum</strong></span> <span class='ocrx_word' id='word_1_48' title='bbox 711 1161 1094 1227; x_wconf 86' lang='lat' dir='ltr'><strong>comparans</strong></span> <span class='ocrx_word' id='word_1_49' title='bbox 1143 1161 1285 1207; x_wconf 92' lang='lat' dir='ltr'><strong>cum</strong></span> <span class='ocrx_word' id='word_1_50' title='bbox 1332 1141 1605 1226; x_wconf 84' lang='lat' dir='ltr'><strong>luxuria,</strong></span> <span class='ocrx_word' id='word_1_51' title='bbox 1655 1161 1784 1224; x_wconf 89' lang='lat' dir='ltr'><strong>qua</strong></span> <span class='ocrx_word' id='word_1_52' title='bbox 1828 1140 2159 1206; x_wconf 89' lang='lat' dir='ltr'><strong>quenalis</strong></span> <span class='ocrx_word' id='word_1_53' title='bbox 2204 1145 2492 1225; x_wconf 89' lang='lat' dir='ltr'><strong>tempore</strong></span> <span class='ocrx_word' id='word_1_54' title='bbox 2539 1158 2692 1224; x_wconf 87' lang='lat' dir='ltr'><strong>epu-</strong></span> 
     </span>
     <span class='ocr_line' id='line_1_8' title="bbox 454 1251 2690 1340; baseline 0.001 -25"><span class='ocrx_word' id='word_1_55' title='bbox 454 1252 771 1337; x_wconf 82' lang='lat' dir='ltr'><strong>labantur,</strong></span> <span class='ocrx_word' id='word_1_56' title='bbox 820 1253 989 1319; x_wconf 91' lang='lat' dir='ltr'><strong>hanc</strong></span> <span class='ocrx_word' id='word_1_57' title='bbox 1034 1254 1281 1338; x_wconf 90' lang='lat' dir='ltr'><strong>passim</strong></span> <span class='ocrx_word' id='word_1_58' title='bbox 1338 1253 1738 1340; x_wconf 78' lang='lat' dir='ltr'><strong>perstringit,</strong></span> <span class='ocrx_word' id='word_1_59' title='bbox 1784 1254 1896 1322; x_wconf 90' lang='lat' dir='ltr'><strong>illa</strong></span> <span class='ocrx_word' id='word_1_60' title='bbox 1940 1254 2072 1320; x_wconf 87' lang='lat' dir='ltr'><strong>iam</strong></span> <span class='ocrx_word' id='word_1_61' title='bbox 2119 1273 2181 1319; x_wconf 89' lang='lat' dir='ltr'><strong>u.</strong></span> <span class='ocrx_word' id='word_1_62' title='bbox 2228 1254 2336 1338; x_wconf 87' lang='lat'><strong>48,</strong></span> <span class='ocrx_word' id='word_1_63' title='bbox 2385 1273 2436 1319; x_wconf 90' lang='lat' dir='ltr'><strong>s.</strong></span> <span class='ocrx_word' id='word_1_64' title='bbox 2483 1251 2690 1318; x_wconf 93' lang='lat' dir='ltr'>homi-</span> 
     </span>
     <span class='ocr_line' id='line_1_9' title="bbox 456 1365 2693 1454; baseline 0.002 -27"><span class='ocrx_word' id='word_1_65' title='bbox 456 1383 606 1429; x_wconf 91' lang='lat' dir='ltr'><strong>num</strong></span> <span class='ocrx_word' id='word_1_66' title='bbox 653 1365 952 1449; x_wconf 87' lang='lat' dir='ltr'><strong>auaritia,</strong></span> <span class='ocrx_word' id='word_1_67' title='bbox 1013 1385 1178 1449; x_wconf 88' lang='lat' dir='ltr'><strong>quae</strong></span> <span class='ocrx_word' id='word_1_68' title='bbox 1244 1373 1554 1454; x_wconf 84' lang='lat' dir='ltr'><strong>„argento</strong></span> <span class='ocrx_word' id='word_1_69' title='bbox 1608 1365 1936 1451; x_wconf 85' lang='lat' dir='ltr'><strong>praeferre</strong></span> <span class='ocrx_word' id='word_1_70' title='bbox 1984 1373 2179 1450; x_wconf 87' lang='lat' dir='ltr'><strong>caput</strong></span> <span class='ocrx_word' id='word_1_71' title='bbox 2222 1365 2543 1448; x_wconf 81' lang='lat' dir='ltr'>rebusque</span> <span class='ocrx_word' id='word_1_72' title='bbox 2591 1385 2693 1431; x_wconf 90' lang='lat' dir='ltr'><strong>sa-</strong></span> 
     </span>
     <span class='ocr_line' id='line_1_10' title="bbox 453 1477 2692 1565; baseline 0.001 -23"><span class='ocrx_word' id='word_1_73' title='bbox 453 1477 692 1544; x_wconf 86' lang='lat' dir='ltr'><strong>lutem“</strong></span> <span class='ocrx_word' id='word_1_74' title='bbox 741 1500 871 1544; x_wconf 91' lang='lat' dir='ltr'><strong>non</strong></span> <span class='ocrx_word' id='word_1_75' title='bbox 919 1479 1176 1564; x_wconf 84' lang='lat' dir='ltr'><strong>audeat,</strong></span> <span class='ocrx_word' id='word_1_76' title='bbox 1226 1479 1482 1562; x_wconf 83' lang='lat' dir='ltr'>oblique</span> <span class='ocrx_word' id='word_1_77' title='bbox 1530 1486 1773 1565; x_wconf 86' lang='lat' dir='ltr'><strong>carpta,</strong></span> <span class='ocrx_word' id='word_1_78' title='bbox 1821 1479 1973 1546; x_wconf 90' lang='lat' dir='ltr'><strong>inde</strong></span> <span class='ocrx_word' id='word_1_79' title='bbox 2012 1480 2095 1546; x_wconf 86' lang='lat' dir='ltr'><strong>ab</strong></span> <span class='ocrx_word' id='word_1_80' title='bbox 2142 1499 2204 1545; x_wconf 86' lang='lat' dir='ltr'><strong>u.</strong></span> <span class='ocrx_word' id='word_1_81' title='bbox 2238 1482 2323 1545; x_wconf 86' lang='lat'><strong>93</strong></span> <span class='ocrx_word' id='word_1_82' title='bbox 2368 1499 2572 1564; x_wconf 89' lang='lat' dir='ltr'><strong>usque</strong></span> <span class='ocrx_word' id='word_1_83' title='bbox 2606 1479 2692 1546; x_wconf 90' lang='lat' dir='ltr'><strong>ad</strong></span> 
     </span>
     <span class='ocr_line' id='line_1_11' title="bbox 454 1589 2690 1678; baseline 0.001 -24"><span class='ocrx_word' id='word_1_84' title='bbox 454 1589 647 1656; x_wconf 90' lang='lat' dir='ltr'><strong>finem</strong></span> <span class='ocrx_word' id='word_1_85' title='bbox 692 1590 1018 1658; x_wconf 89' lang='lat' dir='ltr'><strong>inuehitur</strong></span> <span class='ocrx_word' id='word_1_86' title='bbox 1075 1593 1144 1657; x_wconf 91' lang='lat' dir='ltr'><strong>in</strong></span> <span class='ocrx_word' id='word_1_87' title='bbox 1212 1592 1516 1658; x_wconf 79' lang='lat' dir='ltr'><strong>miseram</strong></span> <span class='ocrx_word' id='word_1_88' title='bbox 1575 1599 1981 1678; x_wconf 85' lang='lat' dir='ltr'><strong>captatorum</strong></span> <span class='ocrx_word' id='word_1_89' title='bbox 2050 1592 2514 1660; x_wconf 85' lang='lat' dir='ltr'><strong>adulationem.</strong></span> <span class='ocrx_word' id='word_1_90' title='bbox 2606 1593 2690 1657; x_wconf 88' lang='lat' dir='ltr'><strong>Et</strong></span> 
     </span>
     <span class='ocr_line' id='line_1_12' title="bbox 459 1704 2689 1789; baseline 0.001 -22"><span class='ocrx_word' id='word_1_91' title='bbox 459 1723 616 1770; x_wconf 91' lang='lat' dir='ltr'><strong>sane</strong></span> <span class='ocrx_word' id='word_1_92' title='bbox 680 1705 821 1770; x_wconf 91' lang='lat' dir='ltr'><strong>sine</strong></span> <span class='ocrx_word' id='word_1_93' title='bbox 877 1704 992 1770; x_wconf 88' lang='lat' dir='ltr'><strong>tali</strong></span> <span class='ocrx_word' id='word_1_94' title='bbox 1052 1704 1180 1770; x_wconf 91' lang='lat' dir='ltr'><strong>fine</strong></span> <span class='ocrx_word' id='word_1_95' title='bbox 1242 1711 1363 1770; x_wconf 90' lang='lat' dir='ltr'><strong>sat.</strong></span> <span class='ocrx_word' id='word_1_96' title='bbox 1411 1707 1543 1770; x_wconf 89' lang='lat' dir='ltr'><strong>XII</strong></span> <span class='ocrx_word' id='word_1_97' title='bbox 1587 1727 1719 1771; x_wconf 94' lang='lat' dir='ltr'><strong>non</strong></span> <span class='ocrx_word' id='word_1_98' title='bbox 1778 1712 1950 1771; x_wconf 89' lang='lat' dir='ltr'><strong>esset</strong></span> <span class='ocrx_word' id='word_1_99' title='bbox 1997 1704 2200 1771; x_wconf 85' lang='lat' dir='ltr'><strong>satira</strong></span> <span class='ocrx_word' id='word_1_100' title='bbox 2243 1705 2689 1789; x_wconf 86' lang='lat' dir='ltr'><strong>quenaliana,</strong></span> 
     </span>
     <span class='ocr_line' id='line_1_13' title="bbox 455 1817 2691 1900; baseline 0 -20"><span class='ocrx_word' id='word_1_101' title='bbox 455 1837 626 1881; x_wconf 89' lang='lat' dir='ltr'><strong>nunc</strong></span> <span class='ocrx_word' id='word_1_102' title='bbox 688 1823 903 1883; x_wconf 88' lang='lat' dir='ltr'><strong>autem</strong></span> <span class='ocrx_word' id='word_1_103' title='bbox 957 1822 1098 1883; x_wconf 88' lang='lat' dir='ltr'><strong>tota</strong></span> <span class='ocrx_word' id='word_1_104' title='bbox 1156 1818 1442 1883; x_wconf 85' lang='lat' dir='ltr'><strong>narratio</strong></span> <span class='ocrx_word' id='word_1_105' title='bbox 1490 1839 1550 1882; x_wconf 79' lang='lat' dir='ltr'><strong>U.</strong></span> <span class='ocrx_word' id='word_1_106' title='bbox 1605 1819 1865 1884; x_wconf 82' lang='lat'>18—82</span> <span class='ocrx_word' id='word_1_107' title='bbox 1912 1817 2074 1883; x_wconf 90' lang='lat' dir='ltr'><strong>nihil</strong></span> <span class='ocrx_word' id='word_1_108' title='bbox 2120 1824 2219 1884; x_wconf 89' lang='lat' dir='ltr'><strong>est</strong></span> <span class='ocrx_word' id='word_1_109' title='bbox 2263 1817 2394 1884; x_wconf 89' lang='lat' dir='ltr'><strong>nisi</strong></span> <span class='ocrx_word' id='word_1_110' title='bbox 2438 1817 2691 1900; x_wconf 82' lang='lat' dir='ltr'>longior</span> 
     </span>
     <span class='ocr_line' id='line_1_14' title="bbox 457 1928 2690 2016; baseline 0 -22"><span class='ocrx_word' id='word_1_111' title='bbox 457 1930 800 2016; x_wconf 80' lang='lat' dir='ltr'><strong>digressio,</strong></span> <span class='ocrx_word' id='word_1_112' title='bbox 861 1937 923 1997; x_wconf 91' lang='lat' dir='ltr'><strong>et</strong></span> <span class='ocrx_word' id='word_1_113' title='bbox 978 1931 1126 2015; x_wconf 88' lang='lat' dir='ltr'><strong>ipsa</strong></span> <span class='ocrx_word' id='word_1_114' title='bbox 1173 1930 1377 1996; x_wconf 87' lang='lat' dir='ltr'><strong>satira</strong></span> <span class='ocrx_word' id='word_1_115' title='bbox 1423 1930 1663 2015; x_wconf 85' lang='lat' dir='ltr'><strong>existit,</strong></span> <span class='ocrx_word' id='word_1_116' title='bbox 1729 1950 1872 1995; x_wconf 89' lang='lat' dir='ltr'><strong>cum</strong></span> <span class='ocrx_word' id='word_1_117' title='bbox 1918 1937 2052 1995; x_wconf 91' lang='lat' dir='ltr'><strong>tam</strong></span> <span class='ocrx_word' id='word_1_118' title='bbox 2099 1929 2361 2014; x_wconf 88' lang='lat' dir='ltr'>egregie</span> <span class='ocrx_word' id='word_1_119' title='bbox 2406 1928 2575 1995; x_wconf 92' lang='lat' dir='ltr'><strong>inter</strong></span> <span class='ocrx_word' id='word_1_120' title='bbox 2620 1949 2690 1995; x_wconf 94' lang='lat' dir='ltr'><strong>se</strong></span> 
     </span>
     <span class='ocr_line' id='line_1_15' title="bbox 455 2041 2689 2127; baseline -0.001 -19"><span class='ocrx_word' id='word_1_121' title='bbox 455 2049 864 2127; x_wconf 89' lang='lat' dir='ltr'><strong>opponantur</strong></span> <span class='ocrx_word' id='word_1_122' title='bbox 925 2062 1148 2108; x_wconf 89' lang='lat' dir='ltr'><strong>uerum</strong></span> <span class='ocrx_word' id='word_1_123' title='bbox 1211 2048 1276 2108; x_wconf 89' lang='lat' dir='ltr'><strong>et</strong></span> <span class='ocrx_word' id='word_1_124' title='bbox 1339 2042 1658 2107; x_wconf 89' lang='lat' dir='ltr'><strong>sincerum</strong></span> <span class='ocrx_word' id='word_1_125' title='bbox 1722 2041 2049 2126; x_wconf 86' lang='lat' dir='ltr'><strong>gaudium,</strong></span> <span class='ocrx_word' id='word_1_126' title='bbox 2099 2062 2225 2125; x_wconf 89' lang='lat' dir='ltr'><strong>quo</strong></span> <span class='ocrx_word' id='word_1_127' title='bbox 2272 2042 2465 2108; x_wconf 90' lang='lat' dir='ltr'><strong>amici</strong></span> <span class='ocrx_word' id='word_1_128' title='bbox 2512 2041 2689 2108; x_wconf 88' lang='lat' dir='ltr'><strong>salus</strong></span> 
     </span>
     <span class='ocr_line' id='line_1_16' title="bbox 452 2154 2691 2240; baseline 0 -20"><span class='ocrx_word' id='word_1_129' title='bbox 452 2157 825 2222; x_wconf 89' lang='lat' dir='ltr'><strong>quenalem</strong></span> <span class='ocrx_word' id='word_1_130' title='bbox 873 2155 1089 2239; x_wconf 91' lang='lat' dir='ltr'><strong>afficit,</strong></span> <span class='ocrx_word' id='word_1_131' title='bbox 1161 2161 1224 2220; x_wconf 91' lang='lat' dir='ltr'><strong>et</strong></span> <span class='ocrx_word' id='word_1_132' title='bbox 1271 2154 1574 2220; x_wconf 88' lang='lat' dir='ltr'><strong>simulata</strong></span> <span class='ocrx_word' id='word_1_133' title='bbox 1632 2161 2035 2239; x_wconf 87' lang='lat' dir='ltr'><strong>captatorum</strong></span> <span class='ocrx_word' id='word_1_134' title='bbox 2082 2155 2432 2240; x_wconf 84' lang='lat' dir='ltr'><strong>ueneratiO,</strong></span> <span class='ocrx_word' id='word_1_135' title='bbox 2480 2155 2576 2221; x_wconf 87' lang='lat' dir='ltr'><strong>ita</strong></span> <span class='ocrx_word' id='word_1_136' title='bbox 2621 2161 2691 2220; x_wconf 94' lang='lat' dir='ltr'><strong>ut</strong></span> 
     </span>
     <span class='ocr_line' id='line_1_17' title="bbox 456 2267 2689 2353; baseline 0 -21"><span class='ocrx_word' id='word_1_137' title='bbox 456 2268 615 2332; x_wconf 90' lang='lat' dir='ltr'>mihi</span> <span class='ocrx_word' id='word_1_138' title='bbox 663 2267 924 2350; x_wconf 87' lang='lat' dir='ltr'><strong>quidem</strong></span> <span class='ocrx_word' id='word_1_139' title='bbox 971 2267 1267 2332; x_wconf 89' lang='lat' dir='ltr'><strong>uideatur</strong></span> <span class='ocrx_word' id='word_1_140' title='bbox 1310 2267 1638 2332; x_wconf 88' lang='lat' dir='ltr'><strong>quenalis</strong></span> <span class='ocrx_word' id='word_1_141' title='bbox 1685 2267 1965 2352; x_wconf 88' lang='lat' dir='ltr'>priorem</span> <span class='ocrx_word' id='word_1_142' title='bbox 2010 2274 2260 2353; x_wconf 87' lang='lat' dir='ltr'><strong>partem</strong></span> <span class='ocrx_word' id='word_1_143' title='bbox 2308 2269 2389 2335; x_wconf 93' lang='lat' dir='ltr'><strong>ob</strong></span> <span class='ocrx_word' id='word_1_144' title='bbox 2436 2267 2507 2333; x_wconf 88' lang='lat' dir='ltr'><strong>id</strong></span> <span class='ocrx_word' id='word_1_145' title='bbox 2552 2274 2689 2334; x_wconf 89' lang='lat' dir='ltr'><strong>tan-</strong></span> 
     </span>
     <span class='ocr_line' id='line_1_18' title="bbox 454 2379 2689 2465; baseline 0 -21"><span class='ocrx_word' id='word_1_146' title='bbox 454 2387 590 2444; x_wconf 89' lang='lat' dir='ltr'><strong>tum</strong></span> <span class='ocrx_word' id='word_1_147' title='bbox 647 2379 1017 2465; x_wconf 83' lang='lat' dir='ltr'><strong>scripsisse,</strong></span> <span class='ocrx_word' id='word_1_148' title='bbox 1081 2386 1152 2445; x_wconf 89' lang='lat' dir='ltr'><strong>ut</strong></span> <span class='ocrx_word' id='word_1_149' title='bbox 1211 2379 1638 2464; x_wconf 86' lang='lat' dir='ltr'>posteriorem</span> <span class='ocrx_word' id='word_1_150' title='bbox 1700 2379 1984 2445; x_wconf 84' lang='lat' dir='ltr'><strong>adderet.</strong></span> <span class='ocrx_word' id='word_1_151' title='bbox 2076 2382 2348 2446; x_wconf 85' lang='lat' dir='ltr'><strong>Restant</strong></span> <span class='ocrx_word' id='word_1_152' title='bbox 2408 2386 2555 2446; x_wconf 88' lang='lat' dir='ltr'><strong>satt.</strong></span> <span class='ocrx_word' id='word_1_153' title='bbox 2605 2382 2689 2464; x_wconf 91' lang='lat' dir='ltr'><strong>X,</strong></span> 
     </span>
     <span class='ocr_line' id='line_1_19' title="bbox 455 2493 2688 2578; baseline 0 -21"><span class='ocrx_word' id='word_1_154' title='bbox 455 2495 638 2577; x_wconf 86' lang='lat' dir='ltr'>XIII,</span> <span class='ocrx_word' id='word_1_155' title='bbox 684 2495 860 2578; x_wconf 90' lang='lat' dir='ltr'><strong>XIV,</strong></span> <span class='ocrx_word' id='word_1_156' title='bbox 921 2513 1082 2576; x_wconf 87' lang='lat' dir='ltr'><strong>quas</strong></span> <span class='ocrx_word' id='word_1_157' title='bbox 1141 2494 1251 2558; x_wconf 83' lang='lat' dir='ltr'><strong>uix</strong></span> <span class='ocrx_word' id='word_1_158' title='bbox 1313 2495 1511 2559; x_wconf 88' lang='lat' dir='ltr'><strong>uerbo</strong></span> <span class='ocrx_word' id='word_1_159' title='bbox 1568 2493 1931 2576; x_wconf 87' lang='lat' dir='ltr'><strong>tangendas</strong></span> <span class='ocrx_word' id='word_1_160' title='bbox 1994 2514 2137 2558; x_wconf 89' lang='lat' dir='ltr'><strong>esse</strong></span> <span class='ocrx_word' id='word_1_161' title='bbox 2200 2512 2450 2558; x_wconf 85' lang='lat' dir='ltr'><strong>censeO.</strong></span> <span class='ocrx_word' id='word_1_162' title='bbox 2547 2494 2688 2558; x_wconf 81' lang='lat' dir='ltr'><strong>Etsi</strong></span> 
     </span>
     <span class='ocr_line' id='line_1_20' title="bbox 457 2605 2687 2690; baseline -0.001 -19"><span class='ocrx_word' id='word_1_163' title='bbox 457 2606 626 2671; x_wconf 91' lang='lat' dir='ltr'><strong>enim</strong></span> <span class='ocrx_word' id='word_1_164' title='bbox 684 2613 803 2671; x_wconf 87' lang='lat' dir='ltr'><strong>sat.</strong></span> <span class='ocrx_word' id='word_1_165' title='bbox 861 2607 922 2670; x_wconf 87' lang='lat' dir='ltr'>X</span> <span class='ocrx_word' id='word_1_166' title='bbox 979 2626 1320 2690; x_wconf 87' lang='lat' dir='ltr'><strong>peruersas</strong></span> <span class='ocrx_word' id='word_1_167' title='bbox 1392 2605 1731 2690; x_wconf 88' lang='lat' dir='ltr'><strong>cupidines</strong></span> <span class='ocrx_word' id='word_1_168' title='bbox 1797 2607 2078 2670; x_wconf 90' lang='lat' dir='ltr'><strong>omnium</strong></span> <span class='ocrx_word' id='word_1_169' title='bbox 2136 2605 2504 2689; x_wconf 90' lang='lat' dir='ltr'><strong>hominum,</strong></span> <span class='ocrx_word' id='word_1_170' title='bbox 2578 2605 2687 2686; x_wconf 90' lang='lat' dir='ltr'><strong>qui</strong></span> 
     </span>
     <span class='ocr_line' id='line_1_21' title="bbox 458 2717 2687 2806; baseline 0 -22"><span class='ocrx_word' id='word_1_171' title='bbox 458 2728 645 2806; x_wconf 86' lang='lat' dir='ltr'><strong>„sunt</strong></span> <span class='ocrx_word' id='word_1_172' title='bbox 705 2742 746 2784; x_wconf 92' lang='lat' dir='ltr'><strong>a</strong></span> <span class='ocrx_word' id='word_1_173' title='bbox 801 2719 1094 2785; x_wconf 80' lang='lat' dir='ltr'><strong>Gadibus</strong></span> <span class='ocrx_word' id='word_1_174' title='bbox 1144 2738 1346 2800; x_wconf 90' lang='lat' dir='ltr'><strong>usque</strong></span> <span class='ocrx_word' id='word_1_175' title='bbox 1407 2718 1491 2783; x_wconf 89' lang='lat' dir='ltr'><strong>ad</strong></span> <span class='ocrx_word' id='word_1_176' title='bbox 1553 2719 1867 2783; x_wconf 85' lang='lat' dir='ltr'><strong>Auroram</strong></span> <span class='ocrx_word' id='word_1_177' title='bbox 1916 2725 1980 2782; x_wconf 93' lang='lat' dir='ltr'><strong>et</strong></span> <span class='ocrx_word' id='word_1_178' title='bbox 2042 2717 2357 2800; x_wconf 80' lang='lat' dir='ltr'><strong>Gangen“</strong></span> <span class='ocrx_word' id='word_1_179' title='bbox 2422 2739 2687 2803; x_wconf 87' lang='lat' dir='ltr'><strong>carpere</strong></span> 
     </span>
     <span class='ocr_line' id='line_1_22' title="bbox 452 2830 2689 2916; baseline -0.001 -19"><span class='ocrx_word' id='word_1_180' title='bbox 452 2833 604 2916; x_wconf 84' lang='lat' dir='ltr'><strong>uult,</strong></span> <span class='ocrx_word' id='word_1_181' title='bbox 652 2840 867 2897; x_wconf 89' lang='lat' dir='ltr'><strong>tamen</strong></span> <span class='ocrx_word' id='word_1_182' title='bbox 915 2851 1173 2916; x_wconf 83' lang='lat' dir='ltr'>semper</span> <span class='ocrx_word' id='word_1_183' title='bbox 1214 2830 1481 2895; x_wconf 81' lang='lat' dir='ltr'><strong>recurrit</strong></span> <span class='ocrx_word' id='word_1_184' title='bbox 1528 2830 1613 2895; x_wconf 91' lang='lat' dir='ltr'><strong>ad</strong></span> <span class='ocrx_word' id='word_1_185' title='bbox 1662 2833 1987 2895; x_wconf 87' lang='lat' dir='ltr'><strong>Romanos</strong></span> <span class='ocrx_word' id='word_1_186' title='bbox 2034 2835 2097 2894; x_wconf 89' lang='lat' dir='ltr'><strong>et</strong></span> <span class='ocrx_word' id='word_1_187' title='bbox 2148 2830 2445 2915; x_wconf 84' lang='lat' dir='ltr'><strong>exempla</strong></span> <span class='ocrx_word' id='word_1_188' title='bbox 2494 2831 2689 2895; x_wconf 91' lang='lat' dir='ltr'><strong>sumit</strong></span> 
     </span>
     <span class='ocr_line' id='line_1_23' title="bbox 451 2943 2681 3028; baseline -0.001 -19"><span class='ocrx_word' id='word_1_189' title='bbox 451 2953 561 3010; x_wconf 91' lang='lat' dir='ltr'><strong>aut</strong></span> <span class='ocrx_word' id='word_1_190' title='bbox 607 2967 687 3010; x_wconf 82' lang='lat' dir='ltr'><strong>ex</strong></span> <span class='ocrx_word' id='word_1_191' title='bbox 736 2966 955 3010; x_wconf 85' lang='lat' dir='ltr'><strong>eorum</strong></span> <span class='ocrx_word' id='word_1_192' title='bbox 1001 2944 1193 3010; x_wconf 88' lang='lat' dir='ltr'><strong>rebus</strong></span> <span class='ocrx_word' id='word_1_193' title='bbox 1241 2944 1444 3027; x_wconf 89' lang='lat' dir='ltr'><strong>gestis</strong></span> <span class='ocrx_word' id='word_1_194' title='bbox 1491 2952 1602 3009; x_wconf 90' lang='lat' dir='ltr'><strong>aut</strong></span> <span class='ocrx_word' id='word_1_195' title='bbox 1650 2965 1729 3009; x_wconf 85' lang='lat' dir='ltr'><strong>ex</strong></span> <span class='ocrx_word' id='word_1_196' title='bbox 1776 2964 1995 3009; x_wconf 88' lang='lat' dir='ltr'><strong>eorum</strong></span> <span class='ocrx_word' id='word_1_197' title='bbox 2036 2949 2187 3007; x_wconf 91' lang='lat' dir='ltr'><strong>tunc</strong></span> <span class='ocrx_word' id='word_1_198' title='bbox 2232 2943 2447 3028; x_wconf 91' lang='lat' dir='ltr'><strong>ipsum</strong></span> <span class='ocrx_word' id='word_1_199' title='bbox 2492 2943 2681 3008; x_wconf 94' lang='lat' dir='ltr'><strong>mori-</strong></span> 
     </span>
     <span class='ocr_line' id='line_1_24' title="bbox 455 3057 2686 3142; baseline -0 -20"><span class='ocrx_word' id='word_1_200' title='bbox 455 3058 659 3142; x_wconf 82' lang='lat' dir='ltr'><strong>bus1).</strong></span> <span class='ocrx_word' id='word_1_201' title='bbox 754 3058 1007 3123; x_wconf 87' lang='lat' dir='ltr'><strong>Satirae</strong></span> <span class='ocrx_word' id='word_1_202' title='bbox 1055 3065 1269 3122; x_wconf 87' lang='lat' dir='ltr'><strong>autem</strong></span> <span class='ocrx_word' id='word_1_203' title='bbox 1317 3058 1480 3122; x_wconf 92' lang='lat' dir='ltr'>XIII</span> <span class='ocrx_word' id='word_1_204' title='bbox 1527 3064 1589 3122; x_wconf 90' lang='lat' dir='ltr'><strong>et</strong></span> <span class='ocrx_word' id='word_1_205' title='bbox 1634 3058 1791 3122; x_wconf 90' lang='lat' dir='ltr'><strong>XIV</strong></span> <span class='ocrx_word' id='word_1_206' title='bbox 1840 3057 2236 3139; x_wconf 85' lang='lat' dir='ltr'><strong>argumentis</strong></span> <span class='ocrx_word' id='word_1_207' title='bbox 2295 3076 2423 3120; x_wconf 92' lang='lat' dir='ltr'><strong>non</strong></span> <span class='ocrx_word' id='word_1_208' title='bbox 2473 3057 2686 3140; x_wconf 88' lang='lat' dir='ltr'>magis</span> 
     </span>
     <span class='ocr_line' id='line_1_25' title="bbox 452 3170 2208 3255; baseline 0 -21"><span class='ocrx_word' id='word_1_209' title='bbox 452 3170 904 3236; x_wconf 88' lang='lat' dir='ltr'><strong>abiudicantur</strong></span> <span class='ocrx_word' id='word_1_210' title='bbox 949 3171 1032 3235; x_wconf 88' lang='lat' dir='ltr'><strong>ab</strong></span> <span class='ocrx_word' id='word_1_211' title='bbox 1081 3171 1384 3236; x_wconf 84' lang='lat' dir='ltr'><strong>quenale</strong></span> <span class='ocrx_word' id='word_1_212' title='bbox 1433 3190 1625 3252; x_wconf 91' lang='lat' dir='ltr'><strong>quam</strong></span> <span class='ocrx_word' id='word_1_213' title='bbox 1672 3171 1895 3236; x_wconf 90' lang='lat' dir='ltr'><strong>decem</strong></span> <span class='ocrx_word' id='word_1_214' title='bbox 1941 3170 2208 3255; x_wconf 80' lang='lat' dir='ltr'><strong>priores,</strong></span> 
     </span>
    </p>

    <p class='ocr_par' dir='ltr' id='par_1_3' title="bbox 449 3283 2686 3707">
     <span class='ocr_line' id='line_1_26' title="bbox 628 3283 2686 3368; baseline -0 -21"><span class='ocrx_word' id='word_1_215' title='bbox 628 3284 956 3349; x_wconf 88' lang='lat' dir='ltr'><strong>quenalis</strong></span> <span class='ocrx_word' id='word_1_216' title='bbox 1037 3284 1276 3348; x_wconf 85' lang='lat' dir='ltr'><strong>satirae</strong></span> <span class='ocrx_word' id='word_1_217' title='bbox 1361 3290 1473 3349; x_wconf 91' lang='lat' dir='ltr'><strong>aut</strong></span> <span class='ocrx_word' id='word_1_218' title='bbox 1540 3284 1843 3348; x_wconf 88' lang='lat' dir='ltr'><strong>redactae</strong></span> <span class='ocrx_word' id='word_1_219' title='bbox 1914 3289 2061 3348; x_wconf 87' lang='lat' dir='ltr'><strong>sunt</strong></span> <span class='ocrx_word' id='word_1_220' title='bbox 2129 3283 2195 3348; x_wconf 91' lang='lat' dir='ltr'><strong>in</strong></span> <span class='ocrx_word' id='word_1_221' title='bbox 2267 3283 2686 3368; x_wconf 89' lang='lat' dir='ltr'><strong>epistolarum</strong></span> 
     </span>
     <span class='ocr_line' id='line_1_27' title="bbox 449 3393 2680 3480; baseline 0 -22"><span class='ocrx_word' id='word_1_222' title='bbox 449 3393 740 3480; x_wconf 87' lang='lat' dir='ltr'><strong>formam,</strong></span> <span class='ocrx_word' id='word_1_223' title='bbox 798 3414 959 3477; x_wconf 91' lang='lat' dir='ltr'><strong>quas</strong></span> <span class='ocrx_word' id='word_1_224' title='bbox 1022 3394 1106 3459; x_wconf 88' lang='lat' dir='ltr'><strong>ad</strong></span> <span class='ocrx_word' id='word_1_225' title='bbox 1167 3402 1408 3460; x_wconf 88' lang='lat' dir='ltr'><strong>certum</strong></span> <span class='ocrx_word' id='word_1_226' title='bbox 1465 3395 1785 3476; x_wconf 88' lang='lat' dir='ltr'><strong>quendam</strong></span> <span class='ocrx_word' id='word_1_227' title='bbox 1832 3393 2175 3478; x_wconf 90' lang='lat' dir='ltr'><strong>hominem,</strong></span> <span class='ocrx_word' id='word_1_228' title='bbox 2226 3413 2414 3476; x_wconf 91' lang='lat' dir='ltr'><strong>quem</strong></span> <span class='ocrx_word' id='word_1_229' title='bbox 2463 3395 2680 3460; x_wconf 88' lang='lat' dir='ltr'><strong>statim</strong></span> 
     </span>
     <span class='ocr_line' id='line_1_28' title="bbox 450 3507 2683 3593; baseline 0 -23"><span class='ocrx_word' id='word_1_230' title='bbox 450 3507 513 3570; x_wconf 91' lang='lat' dir='ltr'><strong>in</strong></span> <span class='ocrx_word' id='word_1_231' title='bbox 577 3508 763 3573; x_wconf 91' lang='lat' dir='ltr'><strong>initio</strong></span> <span class='ocrx_word' id='word_1_232' title='bbox 811 3508 1115 3593; x_wconf 89' lang='lat' dir='ltr'><strong>appellat,</strong></span> <span class='ocrx_word' id='word_1_233' title='bbox 1181 3507 1348 3573; x_wconf 89' lang='lat' dir='ltr'><strong>mitti</strong></span> <span class='ocrx_word' id='word_1_234' title='bbox 1395 3509 1600 3591; x_wconf 85' lang='lat' dir='ltr'><strong>fingit,</strong></span> <span class='ocrx_word' id='word_1_235' title='bbox 1650 3515 1761 3572; x_wconf 88' lang='lat' dir='ltr'><strong>aut</strong></span> <span class='ocrx_word' id='word_1_236' title='bbox 1810 3508 2068 3571; x_wconf 92' lang='lat' dir='ltr'><strong>omnino</strong></span> <span class='ocrx_word' id='word_1_237' title='bbox 2118 3507 2484 3574; x_wconf 78' lang='lat' dir='ltr'><strong>sinecerta</strong></span> <span class='ocrx_word' id='word_1_238' title='bbox 2530 3508 2683 3572; x_wconf 91' lang='lat' dir='ltr'><strong>allo-</strong></span> 
     </span>
     <span class='ocr_line' id='line_1_29' title="bbox 450 3620 2684 3707; baseline 0.002 -25"><span class='ocrx_word' id='word_1_239' title='bbox 450 3620 707 3684; x_wconf 85' lang='lat' dir='ltr'><strong>cutione</strong></span> <span class='ocrx_word' id='word_1_240' title='bbox 765 3620 927 3685; x_wconf 89' lang='lat' dir='ltr'><strong>uitia</strong></span> <span class='ocrx_word' id='word_1_241' title='bbox 984 3620 1269 3686; x_wconf 87' lang='lat' dir='ltr'><strong>humana</strong></span> <span class='ocrx_word' id='word_1_242' title='bbox 1324 3626 1594 3705; x_wconf 87' lang='lat' dir='ltr'><strong>carpunt</strong></span> <span class='ocrx_word' id='word_1_243' title='bbox 1727 3621 1910 3684; x_wconf 89' lang='lat' dir='ltr'><strong>Nunc</strong></span> <span class='ocrx_word' id='word_1_244' title='bbox 1972 3639 2126 3684; x_wconf 88' lang='lat' dir='ltr'><strong>uero</strong></span> <span class='ocrx_word' id='word_1_245' title='bbox 2184 3620 2448 3686; x_wconf 90' lang='lat' dir='ltr'><strong>miretur</strong></span> <span class='ocrx_word' id='word_1_246' title='bbox 2518 3622 2684 3707; x_wconf 90' lang='lat' dir='ltr'><strong>quis,</strong></span> 
     </span>
    </p>
   </div>
   <div class='ocr_carea' id='block_1_3' title="bbox 445 3851 2689 4281">
    <p class='ocr_par' dir='ltr' id='par_1_4' title="bbox 445 3851 2689 4281">
     <span class='ocr_line' id='line_1_30' title="bbox 598 3851 2689 3926; baseline 0 -17"><span class='ocrx_word' id='word_1_247' title='bbox 598 3853 638 3923; x_wconf 91' lang='lat'><strong>¹)</strong></span> <span class='ocrx_word' id='word_1_248' title='bbox 676 3856 764 3909; x_wconf 86' lang='lat' dir='ltr'><strong>Ita</strong></span> <span class='ocrx_word' id='word_1_249' title='bbox 794 3856 961 3910; x_wconf 86' lang='lat' dir='ltr'><strong>etiam</strong></span> <span class='ocrx_word' id='word_1_250' title='bbox 994 3856 1048 3909; x_wconf 89' lang='lat' dir='ltr'><strong>in</strong></span> <span class='ocrx_word' id='word_1_251' title='bbox 1083 3861 1215 3912; x_wconf 85' lang='lat' dir='ltr'><strong>satt.</strong></span> <span class='ocrx_word' id='word_1_252' title='bbox 1248 3857 1401 3923; x_wconf 89' lang='lat' dir='ltr'>XIII,</span> <span class='ocrx_word' id='word_1_253' title='bbox 1429 3855 1580 3923; x_wconf 89' lang='lat' dir='ltr'>XIV,</span> <span class='ocrx_word' id='word_1_254' title='bbox 1600 3856 1709 3910; x_wconf 92' lang='lat' dir='ltr'><strong>XV</strong></span> <span class='ocrx_word' id='word_1_255' title='bbox 1741 3855 1898 3926; x_wconf 92' lang='lat' dir='ltr'>(XVI</span> <span class='ocrx_word' id='word_1_256' title='bbox 1918 3855 2063 3909; x_wconf 89' lang='lat' dir='ltr'><strong>enim</strong></span> <span class='ocrx_word' id='word_1_257' title='bbox 2086 3859 2145 3909; x_wconf 87' lang='lat' dir='ltr'><strong>et</strong></span> <span class='ocrx_word' id='word_1_258' title='bbox 2162 3851 2287 3923; x_wconf 91' lang='lat' dir='ltr'>XII,</span> <span class='ocrx_word' id='word_1_259' title='bbox 2309 3856 2465 3925; x_wconf 91' lang='lat' dir='ltr'><strong>quod</strong></span> <span class='ocrx_word' id='word_1_260' title='bbox 2485 3857 2689 3911; x_wconf 85' lang='lat' dir='ltr'><strong>attinet</strong></span> 
     </span>
     <span class='ocr_line' id='line_1_31' title="bbox 449 3944 2685 4014; baseline 0.002 -18"><span class='ocrx_word' id='word_1_261' title='bbox 449 3944 519 3997; x_wconf 87' lang='lat' dir='ltr'><strong>ad</strong></span> <span class='ocrx_word' id='word_1_262' title='bbox 573 3946 890 4013; x_wconf 84' lang='lat' dir='ltr'><strong>argumenti</strong></span> <span class='ocrx_word' id='word_1_263' title='bbox 942 3946 1360 4013; x_wconf 85' lang='lat' dir='ltr'><strong>tractationem,</strong></span> <span class='ocrx_word' id='word_1_264' title='bbox 1409 3945 1591 4014; x_wconf 86' lang='lat' dir='ltr'><strong>magis</strong></span> <span class='ocrx_word' id='word_1_265' title='bbox 1642 3945 1918 4000; x_wconf 86' lang='lat' dir='ltr'><strong>accedunt</strong></span> <span class='ocrx_word' id='word_1_266' title='bbox 1968 3945 2040 3998; x_wconf 88' lang='lat' dir='ltr'><strong>ad</strong></span> <span class='ocrx_word' id='word_1_267' title='bbox 2092 3945 2339 4014; x_wconf 89' lang='lat' dir='ltr'><strong>priorum</strong></span> <span class='ocrx_word' id='word_1_268' title='bbox 2388 3945 2685 4000; x_wconf 82' lang='lat' dir='ltr'><strong>satirarum</strong></span> 
     </span>
     <span class='ocr_line' id='line_1_32' title="bbox 449 4032 2685 4105; baseline 0.001 -19"><span class='ocrx_word' id='word_1_269' title='bbox 449 4032 912 4105; x_wconf 86' lang='lat' dir='ltr'><strong>similitudinem),</strong></span> <span class='ocrx_word' id='word_1_270' title='bbox 951 4051 1288 4104; x_wconf 86' lang='lat' dir='ltr'><strong>quamquam</strong></span> <span class='ocrx_word' id='word_1_271' title='bbox 1329 4040 1428 4089; x_wconf 83' lang='lat' dir='ltr'><strong>aut</strong></span> <span class='ocrx_word' id='word_1_272' title='bbox 1468 4035 1647 4104; x_wconf 77' lang='lat' dir='ltr'>magis</span> <span class='ocrx_word' id='word_1_273' title='bbox 1685 4035 1739 4088; x_wconf 90' lang='lat' dir='ltr'><strong>in</strong></span> <span class='ocrx_word' id='word_1_274' title='bbox 1782 4034 2106 4088; x_wconf 88' lang='lat' dir='ltr'><strong>uniuersum</strong></span> <span class='ocrx_word' id='word_1_275' title='bbox 2147 4039 2323 4103; x_wconf 87' lang='lat' dir='ltr'><strong>agunt</strong></span> <span class='ocrx_word' id='word_1_276' title='bbox 2360 4035 2430 4089; x_wconf 87' lang='lat' dir='ltr'><strong>de</strong></span> <span class='ocrx_word' id='word_1_277' title='bbox 2468 4051 2527 4089; x_wconf 86' lang='lat' dir='ltr'><strong>rc</strong></span> <span class='ocrx_word' id='word_1_278' title='bbox 2560 4051 2685 4103; x_wconf 86' lang='lat' dir='ltr'><strong>pro·</strong></span> 
     </span>
     <span class='ocr_line' id='line_1_33' title="bbox 447 4122 2684 4191; baseline 0.001 -18"><span class='ocrx_word' id='word_1_279' title='bbox 447 4122 638 4191; x_wconf 84' lang='lat' dir='ltr'><strong>posita</strong></span> <span class='ocrx_word' id='word_1_280' title='bbox 683 4128 783 4176; x_wconf 84' lang='lat' dir='ltr'><strong>aut</strong></span> <span class='ocrx_word' id='word_1_281' title='bbox 817 4139 933 4177; x_wconf 90' lang='lat' dir='ltr'><strong>rem</strong></span> <span class='ocrx_word' id='word_1_282' title='bbox 972 4141 1005 4176; x_wconf 84' lang='lat' dir='ltr'><strong>a</strong></span> <span class='ocrx_word' id='word_1_283' title='bbox 1042 4125 1306 4178; x_wconf 75' lang='lat' dir='ltr'><strong>RomanIs</strong></span> <span class='ocrx_word' id='word_1_284' title='bbox 1345 4140 1578 4191; x_wconf 90' lang='lat' dir='ltr'><strong>prorsus</strong></span> <span class='ocrx_word' id='word_1_285' title='bbox 1617 4123 1854 4177; x_wconf 78' lang='lat' dir='ltr'><strong>alienam</strong></span> <span class='ocrx_word' id='word_1_286' title='bbox 1894 4128 2154 4191; x_wconf 82' lang='lat' dir='ltr'><strong>tractant,</strong></span> <span class='ocrx_word' id='word_1_287' title='bbox 2194 4128 2381 4177; x_wconf 87' lang='lat' dir='ltr'><strong>tamen</strong></span> <span class='ocrx_word' id='word_1_288' title='bbox 2422 4124 2550 4191; x_wconf 89' lang='lat' dir='ltr'><strong>plus</strong></span> <span class='ocrx_word' id='word_1_289' title='bbox 2590 4123 2684 4177; x_wconf 91' lang='lat' dir='ltr'><strong>mi-</strong></span> 
     </span>
     <span class='ocr_line' id='line_1_34' title="bbox 445 4212 2666 4281; baseline 0.001 -17"><span class='ocrx_word' id='word_1_290' title='bbox 445 4226 626 4266; x_wconf 88' lang='lat' dir='ltr'><strong>nusue</strong></span> <span class='ocrx_word' id='word_1_291' title='bbox 675 4212 946 4281; x_wconf 84' lang='lat' dir='ltr'>exemplis</span> <span class='ocrx_word' id='word_1_292' title='bbox 999 4229 1067 4267; x_wconf 81' lang='lat' dir='ltr'><strong>ex</strong></span> <span class='ocrx_word' id='word_1_293' title='bbox 1116 4213 1287 4268; x_wconf 89' lang='lat' dir='ltr'><strong>rebus</strong></span> <span class='ocrx_word' id='word_1_294' title='bbox 1341 4213 1603 4268; x_wconf 82' lang='lat' dir='ltr'><strong>Romanis</strong></span> <span class='ocrx_word' id='word_1_295' title='bbox 1663 4213 1965 4281; x_wconf 80' lang='lat' dir='ltr'><strong>praeprue</strong></span> <span class='ocrx_word' id='word_1_296' title='bbox 2028 4213 2117 4267; x_wconf 85' lang='lat' dir='ltr'><strong>sui</strong></span> <span class='ocrx_word' id='word_1_297' title='bbox 2162 4212 2344 4280; x_wconf 89' lang='lat' dir='ltr'><strong>ipsius</strong></span> <span class='ocrx_word' id='word_1_298' title='bbox 2396 4212 2666 4281; x_wconf 86' lang='lat' dir='ltr'><strong>temporis</strong></span> 
     </span>
    </p>
   </div>
   <div class='ocr_carea' id='block_1_4' title="bbox 447 4300 2258 4442">
    <p class='ocr_par' dir='ltr' id='par_1_5' title="bbox 447 4300 2258 4442">
     <span class='ocr_line' id='line_1_35' title="bbox 447 4300 919 4368; baseline 0.002 -15"><span class='ocrx_word' id='word_1_299' title='bbox 447 4300 688 4368; x_wconf 70' lang='lat' dir='ltr'><strong>sumpffls</strong></span> <span class='ocrx_word' id='word_1_300' title='bbox 727 4301 919 4355; x_wconf 88' lang='lat' dir='ltr'><strong>utitur.</strong></span> 
     </span>
     <span class='ocr_line' id='line_1_36' title="bbox 2224 4390 2258 4442; baseline 0 0"><span class='ocrx_word' id='word_1_301' title='bbox 2224 4390 2258 4442; x_wconf 84' lang='lat'>2</span> 
     </span>
    </p>
   </div>
  </div>
 </body>
</html>
