3284 4792
1425 370 1865 434 —33—

711 555 991 640 Saepius
1036 553 1334 621 inuenias
1380 554 1722 619 uerborum
1767 553 2015 637 modOS,
2072 558 2383 637 tempora,
2441 569 2761 634 numeros,

532 688 848 754 personas
908 675 1185 754 mutata,
1249 688 1515 751 quarum
1585 667 2025 750 enallagarum
2087 664 2363 750 primam
2426 661 2763 726 deterioris

535 780 793 863 generis
839 779 1026 846 codd.
1073 780 1449 865 plerumque
1496 778 1644 844 aliis
1689 778 2077 845 lectionibus
2136 775 2503 843 substitutis
2561 795 2763 840 remo-

534 911 686 957 uere
734 898 1066 957 conantur.
1159 891 1291 958 Sed
1353 891 1696 975 quominus
1758 911 1870 955 eos
1934 909 2303 973 sequamur,
2367 910 2498 954 non
2559 888 2764 952 solum

533 1004 874 1072 Pithoeani
923 1003 1274 1070 auctoritas
1299 1009 1362 1069 et
1398 1003 1790 1085 reliquarum
1832 1002 2273 1084 enallagarum
2312 1019 2615 1065 numerus
2657 999 2763 1063 ob-

537 1123 728 1201 stant,
777 1116 894 1184 sed
941 1115 1138 1182 ctiam
1183 1115 1254 1180 id
1299 1114 1471 1198 quod
1517 1115 1723 1180 tribus
1770 1115 1963 1179 locis:
2010 1116 2061 1198 I,
2100 1113 2206 1178 55.
2252 1114 2395 1197 VII,
2427 1112 2572 1177 185.
2622 1112 2763 1195 XV,

540 1232 686 1317 171,
734 1237 799 1296 et·
843 1229 1034 1296 metri
1076 1229 1257 1311 leges
1305 1234 1369 1293 et
1415 1227 1700 1292 omnium
1748 1226 1934 1292 codd.
1983 1245 2337 1291 consensus
2372 1223 2601 1290 modos
2632 1243 2765 1287 mu-

536 1352 710 1412 tatos
758 1351 1032 1411 tuentur.
1128 1341 1374 1430 (Altero
1431 1341 1601 1406 enim
1663 1341 1806 1406 loco
1852 1339 2341 1404 Lachmannum
2402 1338 2596 1404 nimis
2657 1357 2765 1422 aup-

537 1461 758 1525 dacter
805 1458 1149 1525 condiat
1196 1456 1552 1523 coniecisse
1597 1457 2006 1522 Hermannus
2053 1454 2121 1518 in
2160 1452 2351 1518 Vind.
2399 1454 2539 1517 qu.
2590 1450 2765 1516 Gott.

543 1571 717 1636 1854
760 1593 824 1656 p.
877 1571 960 1636 13
1010 1569 1290 1634 ostendit
1347 1574 1411 1633 et
1467 1568 1573 1633 hic
1635 1567 2037 1633 Doederlinii
2112 1565 2546 1632 coniecturam
2606 1585 2764 1630 cre-

539 1682 680 1748 did
701 1687 930 1746 erunt
969 1681 1406 1766 paenultimae
1429 1680 1739 1764 breuitaS,
1776 1700 1968 1762 quam
2000 1681 2139 1744 Iun.
2174 1678 2242 1742 in
2281 1679 2380 1742 ΠΙ
2416 1678 2577 1763 plur.
2605 1675 2766 1761 perf.

538 1815 886 1878 numquam
957 1792 1275 1878 admittit,
1344 1791 1604 1880 reiicit.)
1700 1792 1862 1858 Octo
1932 1798 2148 1858 autem
2216 1790 2375 1856 locis
2433 1788 2768 1854 modorum

541 1907 882 1990 enallagcn
927 1905 1217 1991 repperi:
1266 1906 1318 1989 I,
1366 1904 1653 1990 22—64,
1703 1905 1814 1969 ubi
1861 1924 2030 1969 cum
2075 1903 2353 1988 primum
2409 1901 2579 1984 regit
2638 1900 2681 1965 d
2702 1921 2767 1964 u-

541 2026 708 2106 cat,
756 2019 1001 2103 figat,
1049 2023 1362 2102 teneat,
1411 2016 1795 2102 uentilet,
1856 2022 2135 2100 queat,
2198 2014 2518 2100 ueniat,
2576 2034 2767 2080 sum-

540 2137 938 2217 moueant,
987 2137 1121 2196 tum
1167 2131 1381 2196 subito
1417 2129 1760 2194 indicatiui
1804 2128 2124 2214 premit,
2175 2126 2419 2204 bibit,
2467 2126 2771 2193 fruitur

542 2251 872 2330 secuntur,
935 2263 1096 2326 quos
1142 2262 1364 2309 rursus
1412 2241 1807 2308 coniunctiui
1867 2240 2275 2326 accipiat,
2337 2247 2610 2326 putet,
2669 2239 2769 2306 fe-

539 2366 796 2445 ratur,
869 2356 1217 2443 excipiunt.
1308 2356 1362 2441 I,
1425 2355 1571 2441 158,
1619 2356 1690 2420 9:
1760 2353 2118 2420 uebatur
2180 2390 2267 2399 —
2328 2352 2765 2437 despiciet.

544 2473 656 2562 IV,
715 2472 863 2557 101,
923 2472 998 2538 2:
1058 2469 1520 2551 intellegat
1566 2506 1653 2514 --
1701 2466 2066 2531 miratur.
2158 2467 2267 2551 VI,
2317 2465 2479 2530 214:
2544 2464 2770 2530 dabit

545 2569 634 2632 -έ
681 2582 1180 2650 excludatur.
1273 2581 1416 2665 VII,
1471 2579 1627 2645 185;
1677 2585 2114 2663 componat
2152 2615 2241 2624 -—
2281 2577 2579 2643 condit.
2652 2579 2767 2662 IX,

551 2697 698 2782 144,
749 2696 902 2762 146:
949 2695 1297 2760 iubeant
1340 2733 1428 2740 —
1473 2693 1763 2778 pingit.
1854 2693 1973 2778 XI,
2026 2693 2171 2778 130,
2224 2694 2290 2757 1:
2354 2698 2771 2776 comparet

546 2849 634 2858 -
683 2807 1064 2894 despicit.
1157 2808 1300 2892 XV,
1352 2807 1478 2872 169
1525 2845 1613 2852 —
1664 2806 1825 2871 171:
1890 2805 2228 2871 sufficit
2274 2843 2360 2851 --
2409 2804 2770 2870 credide-

547 2923 734 2989 rint.
789 2961 878 2970 —
931 2924 1254 3007 Tempora
1318 2926 1683 2986 mutantur:
1751 2921 1804 3006 I,
1864 2920 2246 2986 155—157:
2313 2918 2639 2984 lucebis
2686 2956 2772 2964 —

549 3035 920 3101 deducis.
1011 3035 1162 3120 XII,
1225 3035 1310 3099 62
1373 3053 1494 3099 ss:
1555 3032 1819 3099 iacuit
1864 3072 1951 3079 —
1998 3033 2327 3118 ducunt,
2375 3073 2463 3080 —
2510 3033 2770 3099 adest.

546 3149 731 3232 XHI,
801 3149 886 3213 29
950 3169 1009 3214 s:
1078 3147 1406 3214 inuenit
1466 3186 1552 3194 --
1609 3147 1910 3232 posuit.
1958 3186 2046 3193 —
2090 3149 2407 3214 Numeros
2491 3153 2773 3211 mutatos

549 3262 924 3330 ostendunt:
969 3264 1054 3350 II,
1105 3265 1252 3350 166,
1302 3264 1376 3328 7:
1424 3267 1752 3328 uenerat
1790 3300 1875 3308 —
1914 3260 2157 3346 fiunt,
2204 3261 2347 3343 VII,
2396 3260 2773 3325 229—242:

548 3377 956 3462 imponite
1002 3415 1090 3422 —
1137 3374 1463 3458 exigite
1528 3373 1687 3461 (bis)
1734 3413 1823 3422 —
1867 3373 2149 3456 inquit.
2198 3411 2287 3420 —
2332 3373 2433 3436 Ex
2492 3371 2777 3438 secunda

547 3510 830 3576 persona
874 3489 959 3554 ad
1004 3488 1260 3555 tertiam
1305 3488 1429 3553 hoc
1475 3493 1724 3552 tantum
1762 3487 1903 3552 loco
1938 3492 2003 3551 et
2040 3486 2117 3570 V,
2172 3486 2282 3550 19:
2330 3487 2516 3569 quid
2563 3487 2779 3552 ultra

549 3601 923 3687 quaeris?
969 3601 1216 3667 habet
1261 3599 1604 3666 Trebius
1652 3605 1771 3664 etc.
1818 3597 2161 3663 transitum
2207 3597 2347 3662 fieri
2391 3597 2634 3664 inueni.

726 3714 814 3780 Vt
858 3718 1075 3779 autem
1119 3712 1244 3778 hac
1288 3711 1356 3776 in
1401 3732 1491 3796 re,
1539 3711 1634 3778 ita
1682 3710 1853 3792 quod
1900 3710 2132 3777 attinet
2178 3710 2264 3776 ad
2300 3729 2484 3776 usum
2519 3711 2777 3795 partici-

549 3829 803 3914 piorum
857 3826 974 3892 fut.
1022 3833 1167 3912 act.,
1224 3846 1413 3909 quem
1461 3824 1779 3908 singulari
1837 3824 2118 3908 quodam
2177 3825 2389 3889 studio
2449 3823 2778 3889 quenalis

550 3942 832 4028 appetit,
892 3941 1141 4026 priores
1211 3945 1276 4006 et
1319 3939 1714 4024 posteriores
1762 3937 1998 4005 satiras
2058 3937 2421 4005 consentire
2482 3943 2777 4022 apparet.

553 4056 837 4134 Quorum
901 4075 1042 4119 cum
1106 4053 1312 4118 maior
1365 4071 1517 4136 pars
1577 4073 1659 4117 ex
1718 4052 2039 4117 communi
2096 4049 2409 4117 sermonis
2466 4070 2644 4115 more
2711 4049 2781 4114 id

553 4168 892 4252 exprimat,
940 4168 1111 4251 quod
1158 4175 1268 4233 aut
1315 4165 1694 4254 simpliciter
1737 4165 2023 4231 futurum
2070 4171 2188 4230 est.
2240 4164 2317 4251 (Ι,
2360 4162 2465 4228 34.
2515 4162 2625 4247 IV,
2677 4161 2779 4226 10.

551 4279 662 4366 VI,
709 4279 816 4344 44.
865 4280 1014 4346 277.
1061 4280 1178 4367 XI,
1228 4280 1288 4346 8.
1344 4280 1445 4346 13.
1491 4279 1669 4366 XIV,
1717 4277 1823 4344 59.
1872 4277 2021 4343 314.
2090 4277 2264 4362 XVI,
2312 4275 2449 4362 28.)
2498 4280 2612 4340 aut
2668 4273 2781 4340 ali-
