3284 4792
1435 334 1834 401 ..3-

519 517 921 602 eundemque
990 526 1313 586 auctorem
1387 539 1532 585 esse
1611 517 2020 605 (diligentiae
2090 518 2261 584 enim
2329 518 2751 602 felicitatique

516 632 862 698 imitatoris
902 633 1014 717 qui
1051 652 1355 715 umquam
1390 638 1666 718 possunt
1702 633 2007 698 constitui
2043 633 2199 698 certi
2230 631 2487 720 fines‘P),
2534 639 2751 699 tamen

516 745 794 812 fortasse
839 746 910 811 id
955 745 1340 830 perducetur
1402 746 1487 810 ad
1543 743 2172 810 uerisimilitudinem
2221 764 2536 811 summam
2582 766 2751 812 eam-

517 880 674 944 que,
723 859 894 925 ultra
939 879 1133 942 quam
1179 858 1248 922 in
1293 857 1536 923 talibus
1584 856 2075 939 quaestionibus
2120 877 2266 922 raro
2313 863 2563 922 tantum
2607 878 2751 942 pro-

519 972 702 1055 gredi
751 971 920 1037 licet.
970 1009 1057 1017 ———-
1104 972 1266 1036 Tres
1314 975 1530 1035 autem
1577 976 1797 1054 partes
1841 969 2033 1035 huius
2081 969 2559 1036 dissertationis
2606 990 2751 1037 esse

519 1085 715 1151 uolui.
806 1087 974 1151 Nam
1033 1084 1310 1170 primum
1367 1082 1717 1148 uidendum
1776 1089 1906 1167 est,
1965 1103 2118 1148 num
2165 1101 2330 1165 quae
2377 1083 2753 1149 discrimina

518 1197 678 1262 artis
749 1196 1057 1261 metricae
1127 1195 1433 1278 cognosci
1507 1195 1763 1280 possint
1829 1195 1996 1260 inter
2062 1195 2315 1280 priores
2383 1196 2620 1262 satiras
2689 1203 2753 1262 et

519 1309 942 1394 posteriores,
991 1314 1125 1372 tum
1175 1307 1255 1372 de
1302 1307 1398 1372 eis
1446 1307 1674 1392 rebus,
1723 1326 1889 1388 quae
1934 1307 2260 1392 pertinent
2305 1308 2390 1372 ad
2426 1308 2751 1374 scribendi

518 1422 834 1487 rationem
884 1420 1057 1485 idem
1104 1418 1575 1502 quaerendum,
1625 1418 1930 1503 denique,
1992 1440 2147 1484 num
2193 1420 2477 1504 priorum
2524 1421 2750 1486 satira-

519 1554 659 1599 rum
707 1533 1041 1618 scriptoris
1088 1531 1168 1597 de
1216 1532 1407 1597 rebus
1455 1532 1700 1596 diuinis
1746 1532 2174 1616 humanisque
2222 1534 2581 1600 sententiae
2624 1536 2751 1601 dis·

521 1652 784 1730 crepent
832 1665 974 1710 cum
1023 1644 1147 1728 eis,
1196 1663 1358 1726 quas
1404 1645 1799 1729 posteriores
1848 1645 2085 1711 satirae
2131 1647 2481 1713 continent.

1599 2348 1675 2430 1.

700 2548 859 2612 Cum
907 2548 974 2612 in
1020 2548 1144 2613 hac
1190 2546 1399 2631 prima
1445 2544 1923 2611 dissertationis
1968 2550 2155 2628 parte
2199 2543 2268 2609 id
2308 2544 2429 2609 sim
2470 2551 2749 2630 acturus,

522 2667 592 2724 ut
638 2660 1101 2746 demonstrem,
1162 2661 1229 2725 in
1289 2659 1508 2725 satiris
1567 2658 1668 2725 ed.
1729 2658 1917 2724 Ribb.
1974 2659 2039 2723 X
2093 2658 2417 2743 prioribus
2476 2659 2750 2725 eandem

521 2780 724 2839 artem
770 2773 1103 2838 metricam
1151 2773 1450 2858 reperiri,
1521 2779 1714 2854 atque
1764 2773 1830 2838 in
1879 2773 1970 2838 VI
2014 2771 2314 2856 reliquis,
2376 2772 2751 2856 priusquam

522 2886 607 2951 ad
655 2887 867 2971 ipsam
916 2906 1051 2950 rem
1097 2885 1436 2969 acc-edam,
1483 2885 1711 2969 paucis
1756 2884 1977 2970 opinio
2024 2884 2356 2967 tangenda
2401 2905 2547 2951 esse
2592 2885 2751 2951 mihi

522 2998 802 3083 uidetur,
853 3019 1018 3080 quae
1067 2998 1124 3063 si
1169 3005 1342 3063 recte
1390 3019 1458 3064 se
1506 2998 1801 3084 haberet,
1862 2998 2072 3064 oleum
2120 3004 2184 3063 et
2232 3018 2493 3082 operam
2539 2999 2749 3083 perdi-

522 3097 793 3197 dissem,
845 3134 987 3178 cum
1022 3113 1354 3179 quenalis
1387 3132 1688 3178 uersuum
1721 3111 2309 3197 componendorum
2340 3110 2521 3195 leges
2556 3132 2749 3194 quam

520 3226 1006 3292 accuratissime
1070 3227 1384 3310 indagare
1447 3225 1790 3292 studerem.
1883 3227 2052 3293 Nam
2115 3232 2178 3291 et
2238 3225 2373 3308 legi
2419 3231 2483 3291 et
2529 3223 2751 3290 audiui

519 3338 874 3423 interdum,
947 3340 1276 3405 quenalis
1348 3359 1574 3405 uersus
1641 3339 1936 3405 reuocari
2002 3359 2132 3404 non
2200 3358 2395 3424 posse
2464 3339 2550 3404 ad
2618 3345 2749 3404 tam

522 3457 730 3515 certas
816 3451 1242 3534 definitasque
1328 3471 1493 3535 quae
1578 3451 1644 3514 in
1731 3471 1876 3516 eum
1958 3449 2367 3535 potissimum
2451 3451 2751 3517 conueni-

521 3569 696 3647 rent,
757 3564 969 3647 legeS,
1034 3583 1228 3646 quam
1282 3564 1531 3648 priores
1588 3565 2024 3628 Romanorum
2078 3569 2309 3648 poetas
2371 3562 2749 3647 dactylicoS,

521 3681 585 3739 et
629 3675 755 3740 hoc
799 3675 859 3740 ei
908 3695 1052 3740 esse
1100 3695 1435 3740 commune
1499 3695 1641 3740 cum
1692 3675 1988 3740 omnibus
2035 3675 2461 3760 posteriorum
2509 3681 2748 3759 tempo-

520 3809 659 3853 rum
720 3789 932 3873 poetis
988 3788 1229 3854 latinis.
1332 3791 1414 3854 Et
1475 3809 1702 3854 uerum
1759 3788 2018 3870 quidem
2076 3795 2205 3873 est,
2270 3788 2438 3853 inter
2497 3795 2748 3873 poetas,

521 3902 631 3984 qui
676 3908 827 3986 post
871 3902 1229 3984 Augustum
1279 3902 1607 3986 uixerunt,
1679 3902 1851 3985 quod
1912 3902 2143 3968 attinet
2204 3901 2288 3967 ad
2347 3922 2481 3966 rem
2538 3901 2748 3966 metri-

521 4037 694 4100 cam,
758 4035 887 4080 non
946 4020 1130 4080 tanta
1191 4033 1335 4079 esse
1382 4013 1789 4099 discrimina,
1849 4022 2091 4096 quanta
2136 4015 2452 4099 praebent
2495 4013 2749 4097 Lucilii,

523 4129 776 4213 Catulli,
825 4128 1098 4212 Horatii,
1147 4127 1436 4211 Vergilii,
1487 4127 1709 4192 Ouidii
1756 4146 2000 4192 uersus.
2072 4126 2202 4192 Sed
2244 4126 2450 4191 multa
2482 4130 2748 4209 restant,

521 4261 686 4324 quae
747 4241 939 4306 huius
1000 4242 1106 4306 uel
1165 4240 1340 4305 illius
1399 4241 1825 4325 posteriorum
1889 4247 2224 4325 poetarum
2286 4240 2418 4306 sint
2463 4238 2745 4326 propria.

2257 4346 2325 4400 1*
