3284 4792
1492 361 1935 426 ..46-

770 561 1039 624 Nullum
1084 562 1293 640 igitur
1336 563 1511 626 inter
1545 564 1805 642 priores
1846 561 2179 626 quenalis
2219 561 2460 624 satiras
2500 565 2568 623 et
2615 565 2827 639 poste-

585 673 802 736 riores
839 675 1188 738 dIserimen
1226 693 1395 752 esse,
1443 677 1618 754 quod
1653 677 1910 754 quidem
1944 676 2370 754 suspitionem
2418 675 2827 738 diuersorum

586 791 925 850 auctorum
946 806 1209 851 mouere
1240 794 1486 867 posset,
1533 793 1601 851 et
1631 789 1701 849 in
1729 789 1848 863 eis,
1893 805 2060 865 qnae
2100 794 2294 851 antea
2330 794 2398 850 et
2422 788 2490 848 in
2523 788 2625 850 eis
2661 804 2826 867 quae

583 899 653 960 in
678 900 804 962 hae
833 900 1064 963 ultima
1092 901 1577 964 dissertationis
1600 905 1807 978 parte,
1833 901 2283 976 tractauimnS‚
2316 901 2699 978 reperimus.
2749 896 2826 961 Id

585 1017 821 1097 autem,
870 1011 952 1077 de
998 1031 1123 1094 quo
1171 1031 1375 1094 usque
1433 1010 1645 1076 adhue
1704 1030 1961 1096 semper
2022 1010 2367 1076 constabat
2420 1009 2589 1075 inter
2650 1008 2825 1073 uiros

584 1121 809 1189 doctos
827 1173 845 1208 ‚
905 1123 1206 1206 quodque
1267 1142 1390 1206 ego
1450 1123 1644 1206 longe
1706 1122 1936 1189 absum
1995 1128 2065 1187 ut
2124 1122 2362 1188 infitier
2403 1121 2825 1208 placidiorem

585 1234 730 1300 dieo
776 1235 1205 1321 posteriorum
1255 1237 1599 1302 satirarum
1649 1236 2006 1302 orationem
2058 1243 2120 1302 et
2156 1236 2467 1302 maiorem
2516 1256 2595 1302 ex
2641 1240 2826 1320 parte

579 1367 966 1435 languorem
1013 1357 1076 1416 et
1119 1356 1428 1436 teporem,
1478 1350 1733 1416 duabus
1780 1371 1861 1416 ex
1898 1351 2114 1416 causis
2149 1372 2231 1416 ne
2266 1350 2518 1415 minimi
2564 1348 2824 1430 quidem

581 1461 891 1528 momenti
937 1469 1037 1528 est
1081 1462 1252 1545 quod
1293 1462 1524 1528 attinet
1561 1462 1647 1528 ad
1681 1468 1968 1528 nostram
2016 1462 2493 1544 quaestionem:
2539 1462 2824 1527 Primum

583 1573 756 1639 enim
801 1573 974 1640 idem
1034 1575 1208 1639 ualet
1269 1575 1467 1640 etiam
1520 1574 1588 1639 in
1637 1581 1785 1640 satt.
1833 1574 1956 1639 VII
2002 1581 2067 1639 et
2109 1575 2287 1659 VHI,
2336 1594 2605 1658 quarum
2653 1582 2824 1640 utra-

583 1707 709 1769 que
757 1686 1212 1752 eommentatio
1271 1687 1489 1771 potius
1536 1692 1636 1752 est
1680 1707 1796 1771 per
1843 1685 2043 1751 otium
2090 1688 2461 1770 excogitata
2507 1694 2570 1752 et
2615 1688 2824 1753 rheto-

583 1800 718 1864 rieo
764 1799 958 1865 modo
1006 1799 1392 1884 conscripta,
1440 1818 1631 1881 quam
1681 1798 1883 1864 satira
1928 1819 2008 1864 ex
2072 1798 2328 1864 ardenti
2373 1799 2825 1883 indignatione

583 1920 776 1996 atque
833 1912 932 1979 ira
989 1911 1278 1977 oriunda.
1371 1913 1537 1976 Tum
1598 1931 1682 1976 ne
1738 1911 1806 1975 in
1855 1931 2077 1976 omnes
2124 1911 2389 1994 quidem
2435 1912 2824 1979 Ribbeckia-

579 2046 808 2092 narum
842 2024 1387 2090 declamationum
1423 2023 1811 2109 uituperatio
1848 2024 1963 2090 illa
2001 2025 2193 2109 eadit,
2244 2046 2387 2091 eum
2434 2032 2499 2092 et
2544 2034 2648 2093 sat
2692 2030 2824 2093 XII

559 2138 777 2222 plane
823 2137 1051 2203 eodem
1097 2136 1326 2203 habitu
1371 2137 1457 2201 sit
1501 2157 1580 2202 ao
1619 2137 1697 2221 V,
1746 2143 1809 2202 et
1835 2137 1959 2202 XV
1996 2157 2283 2204 summae
2330 2159 2408 2204 ae
2454 2159 2605 2205 uere
2638 2142 2823 2207 que-

584 2250 888 2316 nalianae
931 2248 1403 2331 indignationis
1451 2249 1537 2314 sit
1578 2249 1793 2333 plena.
