3284 4792
1429 356 1829 422 ...7-

515 563 673 626 rum,
723 540 916 606 ceteri
963 559 1109 604 raro
1156 545 1406 604 tantum
1455 561 1600 604 eum
1649 539 2036 606 admittunt:
2106 541 2435 606 quenalis
2482 541 2549 606 in
2597 562 2751 607 una-

513 673 767 736 quaque
813 651 946 717 fere
991 658 1057 717 et
1090 651 1375 737 priorum
1412 659 1475 718 et
1511 653 1942 736 posteriorum
1978 653 2343 719 satirarum.
2414 654 2753 721 Tredecim
2844 711 2849 723 .

514 765 686 831 enim
732 765 946 830 hiatus
993 765 1169 851 apud
1216 786 1362 832 eum
1399 767 1689 851 repperi:
1738 773 2040 850 quattuor
2078 767 2146 832 in
2182 766 2752 853 hephthemimeri:

513 880 562 961 I,
593 877 737 942 151.
788 878 869 962 ΙΙ,
896 878 1002 942 26.
1051 879 1128 963 V,
1161 878 1305 944 158.
1359 879 1529 963 VIII,
1556 880 1708 963 241,
1756 898 2023 962 quorum
2071 880 2332 946 ultimus
2358 881 2440 945 ob
2474 881 2542 946 id
2590 899 2740 964 quo-

513 1012 637 1073 que
673 990 998 1056 notandus
1033 999 1152 1077 est,
1199 993 1373 1075 quod
1409 991 1507 1079 (ut
1553 1013 1669 1058 am
1714 994 1781 1058 in
1829 994 2224 1077 linguam:
2271 991 2461 1079 Prop.
2498 996 2753 1079 111‚32‚

513 1104 617 1187 45,
667 1104 826 1190 alia)
890 1104 1116 1169 ultima
1176 1104 1476 1170 uocabuli
1539 1088 1928 1188 quantum
1993 1106 2249 1190 syllaba
2296 1126 2567 1173 caesura
2609 1128 2754 1191 pro-

515 1217 800 1301 duciturz,
851 1223 995 1282 octo
1041 1217 1104 1282 in
1154 1217 1678 1301 penthemimeri:
1737 1218 1854 1304 III,
1883 1220 1985 1285 70.
2035 1219 2145 1303 IV,
2172 1219 2321 1284 274.
2370 1219 2520 1285 468.
2569 1220 2744 1303 VIII,

518 1330 662 1395 105.
711 1331 795 1414 X,
820 1330 970 1413 281,
1017 1330 1168 1414 XII,
1199 1330 1345 1394 110.
1391 1330 1568 1408 XIV,
1595 1330 1703 1395 49.
1751 1331 1893 1417 XV,
1924 1332 2085 1416 1263
2148 1349 2345 1396 unum
2406 1332 2474 1396 in
2531 1332 2749 1400 trithe-

511 1443 792 1508 mimeri:
839 1443 972 1507 XII
1001 1442 1174 1528 361).

661 1607 701 1678 ¹)
738 1606 959 1661 Minime
1027 1612 1215 1661 autem
1284 1605 1719 1676 Lachmannum,
1798 1607 1895 1677 qui
1966 1606 2136 1661 nimia
2201 1607 2437 1664 audacia
2492 1608 2619 1680 XII,
2656 1611 2755 1666 32:

513 1697 751 1751 arbori
807 1697 1123 1751 incertae
1163 1696 1508 1750 coniiciendo
1555 1695 1769 1750 hiatum
1806 1697 1860 1750 in
1902 1697 2095 1750 ult-ima
2130 1698 2292 1766 primi
2329 1699 2493 1767 pedis
2532 1699 2753 1770 syllaba

512 1787 744 1853 creauit,
793 1793 850 1839 et
901 1786 995 1854 qui
1045 1801 1168 1839 eam
1215 1785 1589 1838 coniecturam
1627 1785 1910 1854 probauit,
1965 1785 2215 1839 Iahnium
2256 1788 2581 1856 sequendos
2620 1805 2751 1844 esse

513 1891 737 1944 cense0,
773 1875 1126 1943 praesertim,
1177 1890 1301 1928 cum
1354 1872 1516 1928 codd.
1557 1874 1799 1928 lectione
1836 1890 1907 1928 ne
1954 1874 2233 1929 minimum
2273 1877 2500 1946 quidem
2539 1883 2754 1934 mutata

513 1965 601 2018 hic
648 1966 804 2019 locus
854 1964 1284 2032 explicationem
1333 1964 1472 2018 satis
1532 1969 1720 2032 aptam
1772 1964 2069 2019 admittere
2115 1965 2249 2020 mihi
2298 1967 2573 2022 uideatur.
2664 1969 2751 2022 Ex

516 2061 671 2107 tanta
720 2054 1075 2108 multitudine
1127 2069 1322 2107 eorum
1370 2054 1617 2107 uirorum
1668 2054 1975 2122 doctorum,
2026 2053 2124 2123 qui
2168 2054 2275 2110 hoc
2324 2057 2415 2110 uel
2453 2056 2546 2112 illo
2586 2057 2751 2112 modo

518 2144 638 2197 eius
677 2144 1012 2198 sententiam
1051 2143 1252 2197 elicere
1291 2143 1476 2196 conati
1516 2147 1665 2211 sunt,
1704 2142 1960 2211 plerique
1986 2142 2531 2200 aSchurtzfleischio
2570 2161 2753 2216 usque

516 2233 586 2286 ad
623 2233 996 2286 Hermannum
1037 2237 1134 2285 aut
1173 2237 1400 2286 coactas
1439 2235 1539 2285 aut
1563 2243 1711 2300 quae
1746 2231 1969 2286 omnino
2008 2233 2187 2287 locum
2214 2233 2423 2288 habere
2464 2241 2753 2304 nequeant

514 2322 916 2390 explicationes
957 2327 1016 2376 et
1052 2321 1404 2375 coniecturas
1444 2322 1818 2389 protulerunt,
1874 2337 2019 2376 unus
2056 2322 2377 2392 Maduigius
2416 2323 2645 2394 (Opusc.
2681 2326 2753 2393 11,

510 2429 565 2480 p.
593 2411 716 2481 175)
753 2413 1004 2480 proxime
1043 2412 1288 2465 accessit
1325 2411 1397 2464 ad
1428 2427 1557 2465 eum
1589 2416 1743 2466 recte
1776 2417 1835 2465 et
1866 2411 2222 2466 scribendum
2255 2417 2314 2467 et
2343 2413 2751 2482 explicandum.

514 2499 692 2566 Quem
733 2503 787 2554 in
829 2500 1153 2555 uniuersum
1193 2504 1428 2554 secutus
1463 2501 1647 2554 locum
1687 2499 1769 2554 sic
1806 2500 2162 2554 scribendum
2200 2517 2330 2557 esse
2367 2517 2609 2558 censeOt

803 2605 926 2644 cum
965 2578 1168 2658 plenus
1206 2589 1379 2643 fluctu
1417 2589 1636 2643 medius
1673 2587 1826 2643 foret
1862 2589 2060 2644 alueus
2099 2594 2157 2645 et
2193 2590 2320 2660 iam,

803 2680 1072 2733 alternum
1112 2677 1322 2747 puppis
1359 2678 1509 2732 latus
1549 2677 1942 2732 euertentibus
1983 2679 2166 2748 undis,

796 2767 1075 2823 arboris
1109 2768 1449 2836 incertae,
1486 2768 1693 2821 nullam
1730 2767 2031 2836 prudentia
2069 2768 2191 2822 cani

799 2858 1034 2912 rectoris
1074 2874 1217 2911 cum
1257 2855 1434 2912 ferret
1471 2873 1654 2926 opem,
1693 2855 1953 2912 decidere
1989 2857 2140 2912 iactu

795 2947 983 3016 coepit
1019 2961 1144 3000 cum
1183 2946 1372 3000 uentis
1411 2949 1518 3000 etc.

651 3036 894 3090 Primum
933 3051 1057 3090 cum
1094 3040 1230 3103 post
1263 3035 1395 3088 iam
1435 3049 1653 3089 comma
1688 3035 1993 3104 posuerim,
2036 3040 2095 3090 et
2134 3035 2297 3090 nimis
2338 3035 2550 3104 duram,
2588 3049 2753 3104 quam

511 3126 711 3179 statuit
747 3125 1069 3194 Maduigius
1106 3125 1253 3178 inter
1301 3128 1371 3179 et
1417 3129 1476 3204 et
1523 3124 1658 3178 iam
1698 3123 2115 3179 distinctionem
2154 3124 2383 3192 evitaui,
2431 3129 2491 3178 et
2526 3124 2634 3179 hoc
2661 3125 2755 3178 ad-

510 3214 763 3268 verbium
794 3215 1087 3283 aptissime
1131 3231 1255 3268 cum
1295 3213 1578 3268 arboris
1615 3215 1943 3269 incertae
1982 3213 2345 3268 coniunxisse
2376 3209 2510 3267 mihi
2540 3213 2754 3268 uideor.

511 3301 781 3358 Gradatio
832 3304 974 3358 enim
1023 3303 1088 3358 fit
1135 3320 1205 3358 ex
1256 3320 1310 3357 u.
1349 3303 1420 3358 30
1457 3303 1529 3357 ad
1579 3302 1761 3358 uerba
1809 3302 2099 3358 arboris
2150 3303 2501 3358 incertae
2558 3321 2613 3358 u.
2668 3303 2756 3358 32,

510 3409 633 3447 cum
684 3393 755 3446 ad
808 3410 1080 3447 summum
1131 3392 1427 3447 discrimen
1479 3408 1573 3447 res
1614 3393 1691 3446 sit
1730 3392 2021 3460 perducta,
2060 3392 2108 3446 si
2146 3408 2256 3446 non
2295 3392 2473 3447 solum
2514 3407 2664 3461 aqua
2699 3392 2754 3445 in

513 3483 675 3536 nauis
738 3483 960 3536 alueum
1025 3481 1250 3551 ingruit,
1321 3481 1424 3536 sed
1475 3481 1641 3535 etiam
1698 3481 1878 3536 malus
1932 3497 2004 3536 ex
2060 3481 2398 3550 grauissima
2451 3480 2754 3536 iactatione

512 3571 812 3641 (alternum
851 3571 1062 3641 puppis
1112 3573 1264 3625 latus
1303 3570 1695 3626 euertentibus
1734 3568 1925 3641 undis)
1961 3570 2069 3624 iam
2107 3571 2165 3625 in
2203 3586 2271 3625 eo
2312 3574 2419 3638 est,
2472 3574 2538 3624 ut
2572 3571 2753 3625 cadat.

507 3661 649 3714 Tum
683 3677 806 3714 cum
830 3660 997 3714 codd.
1026 3680 1068 3712 ω
1109 3661 1310 3728 scripsi
1348 3676 1493 3714 cum
1531 3658 1774 3714 ferret
1808 3675 1911 3728 pro
1954 3658 2331 3729 conferret,
2369 3664 2433 3713 ut
2456 3660 2754 3715 molestum

511 3749 849 3819 asyndeton,
889 3750 1042 3819 quod
1082 3749 1273 3803 Madu.
1317 3749 1466 3804 inter
1502 3748 1746 3818 priorem
1784 3753 1845 3804 et
1880 3748 2255 3817 posteriorem
2291 3754 2592 3817 protaseos
2630 3766 2753 3818 par-

507 3843 620 3892 tem
671 3839 917 3908 reliquit,
973 3839 1027 3893 in
1083 3839 1424 3906 anaphoram
1474 3839 1546 3892 ad
1595 3838 1765 3893 huius
1813 3838 1921 3892 loci
1975 3838 2089 3892 uim
2140 3838 2488 3906 aptissimam
2526 3842 2752 3893 mutem.

506 3929 705 3998 Neque
762 3933 901 3997 puto
961 3928 1298 3984 sententiam
1337 3944 1405 3982 ea
1454 3943 1515 3982 re
1567 3926 1865 3983 obscuram
1926 3926 2067 3996 fieri,
2123 3927 2276 3997 quod
2332 3926 2609 3982 arboris
2664 3926 2753 3981 in-

507 4022 748 4072 certae
788 4017 1187 4086 dependentia,
1227 4022 1289 4070 ut
1318 4018 1579 4086 plenus
1620 4015 1884 4086 fluctu,
1924 4034 1995 4072 ex
2036 4016 2235 4072 eodem
2274 4015 2450 4071 uerbo
2491 4014 2560 4070 fo
2583 4019 2691 4070 ret
2721 4032 2755 4069 a

506 4107 701 4175 priore
739 4106 846 4161 hac
881 4111 1043 4175 parte
1079 4107 1354 4162 enuntiati
1385 4107 1641 4162 seiuncta
1667 4112 1815 4173 sunt,
1853 4106 2045 4162 uerbis
2085 4108 2435 4162 alternum
2459 4135 2524 4142 —
2547 4103 2753 4159 undis

505 4195 873 4264 interpositis.
949 4195 1089 4250 Cum
1126 4196 1272 4250 enim
1312 4196 1452 4250 haec
1491 4195 1668 4250 verba
1703 4195 1982 4266 integrum
2014 4212 2243 4250 uersum
2274 4192 2540 4261 efficiant,
2579 4191 2748 4246 facile

505 4284 684 4339 totius
721 4289 1024 4354 protaseos
1063 4285 1407 4341 constructio
1446 4284 1808 4354 perspicitur.
