<?xml version="1.0" encoding="UTF-8"?>
<!DOCTYPE html PUBLIC "-//W3C//DTD XHTML 1.0 Transitional//EN"
    "http://www.w3.org/TR/xhtml1/DTD/xhtml1-transitional.dtd">
<html xmlns="http://www.w3.org/1999/xhtml" xml:lang="en" lang="en">
 <head>
  <title>
</title>
<meta http-equiv="Content-Type" content="text/html;charset=utf-8" />
  <meta name='ocr-system' content='tesseract 3.04.00' />
  <meta name='ocr-capabilities' content='ocr_page ocr_carea ocr_par ocr_line ocrx_word'/>
</head>
<body>
  <div class='ocr_page' id='page_1' title='image "./vindiciaeivvena00unkngoog_0029.png"; bbox 0 0 3284 4792; ppageno 0'>
   <div class='ocr_carea' id='block_1_1' title="bbox 525 526 2759 876">
    <p class='ocr_par' dir='ltr' id='par_1_1' title="bbox 525 526 2759 876">
     <span class='ocr_line' id='line_1_1' title="bbox 526 526 2759 643; baseline 0.002 -24"><span class='ocrx_word' id='word_1_1' title='bbox 526 555 675 620; x_wconf 85' lang='lat'>346.</span> <span class='ocrx_word' id='word_1_2' title='bbox 734 556 910 640; x_wconf 90' lang='lat' dir='ltr'>XIV,</span> <span class='ocrx_word' id='word_1_3' title='bbox 945 557 1094 622; x_wconf 91' lang='grc'><strong>267.</strong></span> <span class='ocrx_word' id='word_1_4' title='bbox 1141 563 1262 624; x_wconf 87' lang='lat' dir='ltr'>etc.</span> <span class='ocrx_word' id='word_1_5' title='bbox 1369 557 1614 621; x_wconf 91' lang='lat' dir='ltr'>Horum</span> <span class='ocrx_word' id='word_1_6' title='bbox 1674 526 1955 622; x_wconf 65' lang='lat' dir='ltr'>maixime</span> <span class='ocrx_word' id='word_1_7' title='bbox 2002 558 2388 643; x_wconf 88' lang='lat' dir='ltr'>conspicuus</span> <span class='ocrx_word' id='word_1_8' title='bbox 2435 562 2536 624; x_wconf 85' lang='lat' dir='ltr'>est</span> <span class='ocrx_word' id='word_1_9' title='bbox 2578 557 2759 623; x_wconf 90' lang='lat' dir='ltr'>locus</span> 
     </span>
     <span class='ocr_line' id='line_1_2' title="bbox 525 667 897 734; baseline 0.003 -3"><span class='ocrx_word' id='word_1_10' title='bbox 525 667 766 734; x_wconf 88' lang='lat' dir='ltr'>satirae</span> <span class='ocrx_word' id='word_1_11' title='bbox 813 669 897 734; x_wconf 87' lang='lat' dir='ltr'>V:</span> 
     </span>
     <span class='ocr_line' id='line_1_3' title="bbox 737 803 2304 876; baseline 0.002 -20"><span class='ocrx_word' id='word_1_12' title='bbox 737 803 810 857; x_wconf 82' lang='lat'>25</span> <span class='ocrx_word' id='word_1_13' title='bbox 1309 805 1380 860; x_wconf 90' lang='lat' dir='ltr'>de</span> <span class='ocrx_word' id='word_1_14' title='bbox 1417 805 1661 860; x_wconf 86' lang='lat' dir='ltr'>conuiua</span> <span class='ocrx_word' id='word_1_15' title='bbox 1698 804 2026 876; x_wconf 83' lang='lat' dir='ltr'>Corybanta</span> <span class='ocrx_word' id='word_1_16' title='bbox 2062 804 2304 862; x_wconf 88' lang='lat' dir='ltr'>uidebis.</span> 
     </span>
    </p>
   </div>
   <div class='ocr_carea' id='block_1_2' title="bbox 883 900 2350 1066">
    <p class='ocr_par' dir='ltr' id='par_1_2' title="bbox 883 900 2350 1066">
     <span class='ocr_line' id='line_1_4' title="bbox 883 900 2350 971; baseline 0.002 -18"><span class='ocrx_word' id='word_1_17' title='bbox 883 900 1066 970; x_wconf 84' lang='lat' dir='ltr'>iurgia</span> <span class='ocrx_word' id='word_1_18' title='bbox 1101 900 1426 971; x_wconf 88' lang='lat' dir='ltr'>proludunt,</span> <span class='ocrx_word' id='word_1_19' title='bbox 1465 902 1570 957; x_wconf 89' lang='lat' dir='ltr'>sed</span> <span class='ocrx_word' id='word_1_20' title='bbox 1606 918 1738 957; x_wconf 84' lang='lat' dir='ltr'>mox</span> <span class='ocrx_word' id='word_1_21' title='bbox 1778 906 1839 956; x_wconf 90' lang='lat' dir='ltr'>et</span> <span class='ocrx_word' id='word_1_22' title='bbox 1873 902 2079 970; x_wconf 82' lang='lat' dir='ltr'>pocula</span> <span class='ocrx_word' id='word_1_23' title='bbox 2115 905 2350 970; x_wconf 79' lang='lat' dir='ltr'>torques</span> 
     </span>
     <span class='ocr_line' id='line_1_5' title="bbox 883 995 2253 1066; baseline 0.001 -17"><span class='ocrx_word' id='word_1_24' title='bbox 883 995 1111 1050; x_wconf 85' lang='lat' dir='ltr'>saucius</span> <span class='ocrx_word' id='word_1_25' title='bbox 1149 1000 1209 1050; x_wconf 91' lang='lat' dir='ltr'>et</span> <span class='ocrx_word' id='word_1_26' title='bbox 1244 995 1414 1050; x_wconf 89' lang='lat' dir='ltr'>rubra</span> <span class='ocrx_word' id='word_1_27' title='bbox 1451 995 1719 1066; x_wconf 79' lang='lat' dir='ltr'>deterges</span> <span class='ocrx_word' id='word_1_28' title='bbox 1759 997 1995 1051; x_wconf 82' lang='lat' dir='ltr'>uulnera</span> <span class='ocrx_word' id='word_1_29' title='bbox 2033 1011 2253 1064; x_wconf 87' lang='lat' dir='ltr'>mappa.</span> 
     </span>
    </p>
   </div>
   <div class='ocr_carea' id='block_1_3' title="bbox 529 1117 2763 1318">
    <p class='ocr_par' dir='ltr' id='par_1_3' title="bbox 529 1117 2763 1318">
     <span class='ocr_line' id='line_1_6' title="bbox 529 1117 2763 1204; baseline 0.001 -24"><span class='ocrx_word' id='word_1_30' title='bbox 529 1117 640 1182; x_wconf 90' lang='lat' dir='ltr'>ubi</span> <span class='ocrx_word' id='word_1_31' title='bbox 679 1137 741 1182; x_wconf 87' lang='lat' dir='ltr'>u.</span> <span class='ocrx_word' id='word_1_32' title='bbox 775 1117 862 1182; x_wconf 81' lang='grc'>25</span> <span class='ocrx_word' id='word_1_33' title='bbox 909 1119 1209 1186; x_wconf 88' lang='lat' dir='ltr'>lectorem</span> <span class='ocrx_word' id='word_1_34' title='bbox 1256 1120 1363 1186; x_wconf 92' lang='lat' dir='ltr'>uel</span> <span class='ocrx_word' id='word_1_35' title='bbox 1407 1122 1604 1188; x_wconf 89' lang='lat' dir='ltr'>alium</span> <span class='ocrx_word' id='word_1_36' title='bbox 1639 1122 1989 1204; x_wconf 91' lang='lat' dir='ltr'>quemlibet</span> <span class='ocrx_word' id='word_1_37' title='bbox 2036 1121 2365 1188; x_wconf 87' lang='lat' dir='ltr'>quenalis</span> <span class='ocrx_word' id='word_1_38' title='bbox 2400 1118 2763 1203; x_wconf 86' lang='lat' dir='ltr'><strong>alloquitur,</strong></span> 
     </span>
     <span class='ocr_line' id='line_1_7' title="bbox 531 1229 2762 1318; baseline 0.002 -26"><span class='ocrx_word' id='word_1_39' title='bbox 531 1229 748 1293; x_wconf 86' lang='lat' dir='ltr'>statim</span> <span class='ocrx_word' id='word_1_40' title='bbox 797 1239 1011 1297; x_wconf 90' lang='lat' dir='ltr'>autem</span> <span class='ocrx_word' id='word_1_41' title='bbox 1060 1233 1354 1316; x_wconf 83' lang='lat' dir='ltr'>sequenti</span> <span class='ocrx_word' id='word_1_42' title='bbox 1401 1253 1595 1299; x_wconf 91' lang='lat' dir='ltr'>uersu</span> <span class='ocrx_word' id='word_1_43' title='bbox 1641 1234 1978 1318; x_wconf 86' lang='lat' dir='ltr'>Trebium,</span> <span class='ocrx_word' id='word_1_44' title='bbox 2028 1231 2114 1299; x_wconf 88' lang='lat' dir='ltr'>ad</span> <span class='ocrx_word' id='word_1_45' title='bbox 2162 1253 2349 1315; x_wconf 90' lang='lat' dir='ltr'>quem</span> <span class='ocrx_word' id='word_1_46' title='bbox 2395 1254 2513 1318; x_wconf 86' lang='lat' dir='ltr'>per</span> <span class='ocrx_word' id='word_1_47' title='bbox 2558 1238 2762 1298; x_wconf 92' lang='lat' dir='ltr'>totam</span> 
     </span>
    </p>
   </div>
   <div class='ocr_carea' id='block_1_4' title="bbox 529 1342 2767 1541">
    <p class='ocr_par' dir='ltr' id='par_1_4' title="bbox 529 1342 2767 1541">
     <span class='ocr_line' id='line_1_8' title="bbox 529 1342 2767 1430; baseline 0.001 -25"><span class='ocrx_word' id='word_1_48' title='bbox 529 1342 696 1408; x_wconf 88' lang='lat' dir='ltr'>hanc</span> <span class='ocrx_word' id='word_1_49' title='bbox 790 1345 1059 1409; x_wconf 85' lang='lat' dir='ltr'>satiram</span> <span class='ocrx_word' id='word_1_50' title='bbox 1151 1365 1297 1410; x_wconf 89' lang='lat' dir='ltr'>sese</span> <span class='ocrx_word' id='word_1_51' title='bbox 1389 1346 1723 1412; x_wconf 89' lang='lat' dir='ltr'>conuertit.</span> <span class='ocrx_word' id='word_1_52' title='bbox 1814 1346 2031 1411; x_wconf 88' lang='lat' dir='ltr'>Etiam</span> <span class='ocrx_word' id='word_1_53' title='bbox 2098 1347 2274 1430; x_wconf 88' lang='lat' dir='ltr'>XIV,</span> <span class='ocrx_word' id='word_1_54' title='bbox 2345 1345 2541 1429; x_wconf 80' lang='lat'>274,5</span> <span class='ocrx_word' id='word_1_55' title='bbox 2609 1344 2767 1408; x_wconf 89' lang='lat' dir='ltr'>mihi</span> 
     </span>
     <span class='ocr_line' id='line_1_9' title="bbox 529 1454 2767 1541; baseline 0.001 -21"><span class='ocrx_word' id='word_1_56' title='bbox 529 1454 829 1536; x_wconf 82' lang='lat' dir='ltr'>equidem</span> <span class='ocrx_word' id='word_1_57' title='bbox 889 1475 1152 1540; x_wconf 87' lang='lat' dir='ltr'>prorsus</span> <span class='ocrx_word' id='word_1_58' title='bbox 1216 1456 1441 1523; x_wconf 89' lang='lat' dir='ltr'>eadem</span> <span class='ocrx_word' id='word_1_59' title='bbox 1505 1458 1672 1522; x_wconf 89' lang='lat' dir='ltr'>ratio</span> <span class='ocrx_word' id='word_1_60' title='bbox 1721 1457 1975 1523; x_wconf 89' lang='lat' dir='ltr'>uidetur</span> <span class='ocrx_word' id='word_1_61' title='bbox 2037 1477 2203 1541; x_wconf 90' lang='lat' dir='ltr'>esse,</span> <span class='ocrx_word' id='word_1_62' title='bbox 2250 1477 2637 1540; x_wconf 90' lang='lat' dir='ltr'>quamquam</span> <span class='ocrx_word' id='word_1_63' title='bbox 2685 1457 2767 1522; x_wconf 92' lang='lat' dir='ltr'>de</span> 
     </span>
    </p>
   </div>
   <div class='ocr_carea' id='block_1_5' title="bbox 395 1568 2765 1655">
    <p class='ocr_par' dir='ltr' id='par_1_5' title="bbox 395 1568 2765 1655">
     <span class='ocr_line' id='line_1_10' title="bbox 395 1568 2765 1655; baseline 0 -23"><span class='ocrx_word' id='word_1_64' title='bbox 395 1585 400 1588; x_wconf 85' lang='lat'>·</span> <span class='ocrx_word' id='word_1_65' title='bbox 530 1568 652 1633; x_wconf 90' lang='lat' dir='ltr'>hoc</span> <span class='ocrx_word' id='word_1_66' title='bbox 718 1569 860 1633; x_wconf 90' lang='lat' dir='ltr'>loco</span> <span class='ocrx_word' id='word_1_67' title='bbox 928 1569 999 1633; x_wconf 89' lang='lat' dir='ltr'>in</span> <span class='ocrx_word' id='word_1_68' title='bbox 1066 1575 1403 1651; x_wconf 88' lang='lat' dir='ltr'>utramque</span> <span class='ocrx_word' id='word_1_69' title='bbox 1470 1577 1720 1654; x_wconf 88' lang='lat' dir='ltr'>partem</span> <span class='ocrx_word' id='word_1_70' title='bbox 1790 1569 2108 1655; x_wconf 87' lang='lat' dir='ltr'>disputari</span> <span class='ocrx_word' id='word_1_71' title='bbox 2164 1575 2399 1655; x_wconf 89' lang='lat' dir='ltr'>potest.</span> <span class='ocrx_word' id='word_1_72' title='bbox 2489 1569 2633 1634; x_wconf 90' lang='lat' dir='ltr'>Huc</span> <span class='ocrx_word' id='word_1_73' title='bbox 2697 1569 2765 1633; x_wconf 91' lang='lat' dir='ltr'>id</span> 
     </span>
    </p>
   </div>
   <div class='ocr_carea' id='block_1_6' title="bbox 528 1681 2770 4237">
    <p class='ocr_par' dir='ltr' id='par_1_6' title="bbox 528 1681 2770 4237">
     <span class='ocr_line' id='line_1_11' title="bbox 532 1681 2765 1768; baseline 0 -22"><span class='ocrx_word' id='word_1_74' title='bbox 532 1702 784 1764; x_wconf 91' lang='lat' dir='ltr'>quoque</span> <span class='ocrx_word' id='word_1_75' title='bbox 843 1682 1151 1767; x_wconf 81' lang='lat' dir='ltr'>pertinet,</span> <span class='ocrx_word' id='word_1_76' title='bbox 1214 1683 1460 1768; x_wconf 90' lang='lat' dir='ltr'>passim</span> <span class='ocrx_word' id='word_1_77' title='bbox 1509 1683 1761 1748; x_wconf 87' lang='lat' dir='ltr'>numeri</span> <span class='ocrx_word' id='word_1_78' title='bbox 1808 1683 2157 1765; x_wconf 87' lang='lat' dir='ltr'>singularis</span> <span class='ocrx_word' id='word_1_79' title='bbox 2204 1681 2624 1767; x_wconf 87' lang='lat' dir='ltr'>imperatiuos</span> <span class='ocrx_word' id='word_1_80' title='bbox 2672 1681 2765 1746; x_wconf 91' lang='lat' dir='ltr'>in-</span> 
     </span>
     <span class='ocr_line' id='line_1_12' title="bbox 532 1794 2766 1880; baseline -0.001 -20"><span class='ocrx_word' id='word_1_81' title='bbox 532 1795 758 1879; x_wconf 87' lang='lat' dir='ltr'>ueniri,</span> <span class='ocrx_word' id='word_1_82' title='bbox 795 1795 1048 1880; x_wconf 76' lang='lat' dir='ltr'>quibuS,</span> <span class='ocrx_word' id='word_1_83' title='bbox 1090 1794 1382 1877; x_wconf 89' lang='lat' dir='ltr'>quisquis</span> <span class='ocrx_word' id='word_1_84' title='bbox 1422 1802 1538 1879; x_wconf 91' lang='lat' dir='ltr'>est,</span> <span class='ocrx_word' id='word_1_85' title='bbox 1586 1795 1979 1880; x_wconf 87' lang='lat' dir='ltr'>appellatur:</span> <span class='ocrx_word' id='word_1_86' title='bbox 2026 1794 2317 1878; x_wconf 79' lang='lat' dir='ltr'>aspice</span> <span class='ocrx_word' id='word_1_87' title='bbox 2363 1795 2449 1878; x_wconf 96' lang='grc' dir='ltr'>ΙΙ,</span> <span class='ocrx_word' id='word_1_88' title='bbox 2503 1795 2649 1859; x_wconf 94' lang='grc'><strong>166.</strong></span> <span class='ocrx_word' id='word_1_89' title='bbox 2682 1794 2766 1877; x_wconf 90' lang='grc' dir='ltr'>Χ,</span> 
     </span>
     <span class='ocr_line' id='line_1_13' title="bbox 538 1907 2763 1993; baseline -0 -21"><span class='ocrx_word' id='word_1_90' title='bbox 538 1909 681 1972; x_wconf 94' lang='grc'><strong>193.</strong></span> <span class='ocrx_word' id='word_1_91' title='bbox 732 1909 882 1974; x_wconf 91' lang='grc'><strong>209.</strong></span> <span class='ocrx_word' id='word_1_92' title='bbox 933 1908 1229 1993; x_wconf 82' lang='lat' dir='ltr'>accipe</span> <span class='ocrx_word' id='word_1_93' title='bbox 1274 1909 1422 1993; x_wconf 78' lang='lat' dir='ltr'>VII,</span> <span class='ocrx_word' id='word_1_94' title='bbox 1475 1910 1580 1973; x_wconf 89' lang='grc'>36.</span> <span class='ocrx_word' id='word_1_95' title='bbox 1629 1909 1902 1974; x_wconf 90' lang='lat' dir='ltr'>transi</span> <span class='ocrx_word' id='word_1_96' title='bbox 1955 1910 2097 1992; x_wconf 94' lang='lat' dir='ltr'>VII,</span> <span class='ocrx_word' id='word_1_97' title='bbox 2163 1909 2308 1972; x_wconf 86' lang='lat'>190.</span> <span class='ocrx_word' id='word_1_98' title='bbox 2356 1907 2379 1972; x_wconf 94' lang='lat' dir='ltr'>i</span> <span class='ocrx_word' id='word_1_99' title='bbox 2424 1927 2634 1972; x_wconf 91' lang='lat' dir='ltr'>nunc</span> <span class='ocrx_word' id='word_1_100' title='bbox 2679 1907 2763 1990; x_wconf 89' lang='lat' dir='ltr'>X,</span> 
     </span>
     <span class='ocr_line' id='line_1_14' title="bbox 533 2019 2768 2107; baseline -0.001 -22"><span class='ocrx_word' id='word_1_101' title='bbox 533 2022 682 2085; x_wconf 86' lang='lat'>310.</span> <span class='ocrx_word' id='word_1_102' title='bbox 732 2060 820 2067; x_wconf 89' lang='lat'><strong>—</strong></span> <span class='ocrx_word' id='word_1_103' title='bbox 867 2021 1146 2087; x_wconf 88' lang='lat' dir='ltr'>Omnino</span> <span class='ocrx_word' id='word_1_104' title='bbox 1204 2023 1442 2088; x_wconf 86' lang='lat' dir='ltr'>talibus</span> <span class='ocrx_word' id='word_1_105' title='bbox 1505 2022 1911 2107; x_wconf 87' lang='lat' dir='ltr'>imperatiuis</span> <span class='ocrx_word' id='word_1_106' title='bbox 1958 2042 2073 2106; x_wconf 90' lang='lat' dir='ltr'>per</span> <span class='ocrx_word' id='word_1_107' title='bbox 2120 2040 2343 2086; x_wconf 91' lang='lat' dir='ltr'>omnes</span> <span class='ocrx_word' id='word_1_108' title='bbox 2390 2019 2627 2086; x_wconf 88' lang='lat' dir='ltr'>satiras</span> <span class='ocrx_word' id='word_1_109' title='bbox 2672 2019 2768 2084; x_wconf 89' lang='lat' dir='ltr'>uti</span> 
     </span>
     <span class='ocr_line' id='line_1_15' title="bbox 533 2131 2767 2218; baseline -0.001 -19"><span class='ocrx_word' id='word_1_110' title='bbox 533 2135 716 2218; x_wconf 91' lang='lat' dir='ltr'>solet,</span> <span class='ocrx_word' id='word_1_111' title='bbox 773 2135 885 2200; x_wconf 93' lang='lat' dir='ltr'>ubi</span> <span class='ocrx_word' id='word_1_112' title='bbox 949 2136 1034 2201; x_wconf 90' lang='lat' dir='ltr'>ad</span> <span class='ocrx_word' id='word_1_113' title='bbox 1095 2137 1450 2202; x_wconf 88' lang='lat' dir='ltr'>orationem</span> <span class='ocrx_word' id='word_1_114' title='bbox 1511 2135 1995 2201; x_wconf 84' lang='lat' dir='ltr'>concitatiorem</span> <span class='ocrx_word' id='word_1_115' title='bbox 2058 2133 2322 2199; x_wconf 88' lang='lat' dir='ltr'>transit:</span> <span class='ocrx_word' id='word_1_116' title='bbox 2370 2131 2645 2217; x_wconf 85' lang='lat' dir='ltr'>aspice</span> <span class='ocrx_word' id='word_1_117' title='bbox 2690 2131 2767 2215; x_wconf 87' lang='lat' dir='ltr'>V,</span> 
     </span>
     <span class='ocr_line' id='line_1_16' title="bbox 535 2244 2766 2334; baseline -0.001 -22"><span class='ocrx_word' id='word_1_118' title='bbox 535 2247 639 2312; x_wconf 87' lang='grc'><strong>80.</strong></span> <span class='ocrx_word' id='word_1_119' title='bbox 689 2249 798 2333; x_wconf 90' lang='lat' dir='ltr'>VI,</span> <span class='ocrx_word' id='word_1_120' title='bbox 862 2250 1012 2313; x_wconf 93' lang='grc'><strong>261.</strong></span> <span class='ocrx_word' id='word_1_121' title='bbox 1060 2250 1210 2334; x_wconf 90' lang='lat' dir='ltr'>XII,</span> <span class='ocrx_word' id='word_1_122' title='bbox 1277 2251 1381 2315; x_wconf 92' lang='grc'>61.</span> <span class='ocrx_word' id='word_1_123' title='bbox 1441 2251 1625 2334; x_wconf 92' lang='lat' dir='ltr'>XIII,</span> <span class='ocrx_word' id='word_1_124' title='bbox 1676 2251 1781 2314; x_wconf 83' lang='lat'>76.</span> <span class='ocrx_word' id='word_1_125' title='bbox 1839 2249 2016 2333; x_wconf 90' lang='lat' dir='ltr'>XIV,</span> <span class='ocrx_word' id='word_1_126' title='bbox 2081 2248 2232 2313; x_wconf 81' lang='lat'>275.</span> <span class='ocrx_word' id='word_1_127' title='bbox 2294 2244 2622 2330; x_wconf 85' lang='lat' dir='ltr'>respice</span> <span class='ocrx_word' id='word_1_128' title='bbox 2680 2245 2766 2329; x_wconf 93' lang='lat' dir='ltr'>II,</span> 
     </span>
     <span class='ocr_line' id='line_1_17' title="bbox 532 2358 2766 2446; baseline 0 -24"><span class='ocrx_word' id='word_1_129' title='bbox 532 2359 638 2423; x_wconf 90' lang='lat'>44.</span> <span class='ocrx_word' id='word_1_130' title='bbox 686 2360 804 2444; x_wconf 91' lang='grc' dir='ltr'>ΙΙΙ,</span> <span class='ocrx_word' id='word_1_131' title='bbox 852 2361 1003 2426; x_wconf 89' lang='grc'><strong>268.</strong></span> <span class='ocrx_word' id='word_1_132' title='bbox 1032 2362 1140 2445; x_wconf 93' lang='lat' dir='ltr'>VI,</span> <span class='ocrx_word' id='word_1_133' title='bbox 1183 2362 1326 2427; x_wconf 82' lang='lat'>115.</span> <span class='ocrx_word' id='word_1_134' title='bbox 1375 2361 1649 2446; x_wconf 85' lang='lat' dir='ltr'>accipe</span> <span class='ocrx_word' id='word_1_135' title='bbox 1694 2362 1812 2446; x_wconf 92' lang='lat' dir='ltr'>III,</span> <span class='ocrx_word' id='word_1_136' title='bbox 1865 2361 2011 2426; x_wconf 87' lang='grc'><strong>187.</strong></span> <span class='ocrx_word' id='word_1_137' title='bbox 2058 2361 2241 2443; x_wconf 91' lang='grc' dir='ltr'>ΧΙΠ,</span> <span class='ocrx_word' id='word_1_138' title='bbox 2293 2360 2438 2424; x_wconf 93' lang='grc'><strong>120.</strong></span> <span class='ocrx_word' id='word_1_139' title='bbox 2470 2359 2613 2442; x_wconf 91' lang='lat' dir='ltr'>XV,</span> <span class='ocrx_word' id='word_1_140' title='bbox 2660 2358 2766 2422; x_wconf 87' lang='lat'>31.</span> 
     </span>
     <span class='ocr_line' id='line_1_18' title="bbox 535 2470 2767 2558; baseline -0 -24"><span class='ocrx_word' id='word_1_141' title='bbox 535 2491 946 2554; x_wconf 86' lang='lat' dir='ltr'>cognosce</span> <span class='ocrx_word' id='word_1_142' title='bbox 992 2475 1108 2558; x_wconf 94' lang='grc' dir='ltr'>ΙΙΙ,</span> <span class='ocrx_word' id='word_1_143' title='bbox 1136 2475 1286 2540; x_wconf 86' lang='grc'><strong>288.</strong></span> <span class='ocrx_word' id='word_1_144' title='bbox 1338 2474 1529 2540; x_wconf 87' lang='lat' dir='ltr'>audi</span> <span class='ocrx_word' id='word_1_145' title='bbox 1575 2476 1694 2558; x_wconf 93' lang='grc' dir='ltr'>ΙΠ,</span> <span class='ocrx_word' id='word_1_146' title='bbox 1747 2474 1893 2540; x_wconf 81' lang='lat'>115.</span> <span class='ocrx_word' id='word_1_147' title='bbox 1940 2475 2050 2558; x_wconf 94' lang='lat' dir='ltr'>VI,</span> <span class='ocrx_word' id='word_1_148' title='bbox 2103 2473 2247 2538; x_wconf 82' lang='lat'>115.</span> <span class='ocrx_word' id='word_1_149' title='bbox 2295 2473 2412 2556; x_wconf 92' lang='lat' dir='ltr'>XI,</span> <span class='ocrx_word' id='word_1_150' title='bbox 2462 2471 2565 2536; x_wconf 90' lang='grc'>64.</span> <span class='ocrx_word' id='word_1_151' title='bbox 2616 2470 2767 2553; x_wconf 88' lang='grc' dir='ltr'>ΧΙΙ,</span> 
     </span>
     <span class='ocr_line' id='line_1_19' title="bbox 535 2581 2768 2670; baseline 0 -24"><span class='ocrx_word' id='word_1_152' title='bbox 535 2583 640 2647; x_wconf 86' lang='grc'>24.</span> <span class='ocrx_word' id='word_1_153' title='bbox 711 2585 987 2650; x_wconf 88' lang='lat' dir='ltr'>transi</span> <span class='ocrx_word' id='word_1_154' title='bbox 1041 2587 1158 2670; x_wconf 94' lang='lat' dir='ltr'>III,</span> <span class='ocrx_word' id='word_1_155' title='bbox 1233 2587 1379 2652; x_wconf 89' lang='lat'>114.</span> <span class='ocrx_word' id='word_1_156' title='bbox 1435 2587 1459 2651; x_wconf 93' lang='lat' dir='ltr'>i</span> <span class='ocrx_word' id='word_1_157' title='bbox 1507 2606 1713 2652; x_wconf 87' lang='lat' dir='ltr'>nunc</span> <span class='ocrx_word' id='word_1_158' title='bbox 1768 2586 1878 2670; x_wconf 93' lang='lat' dir='ltr'>VI,</span> <span class='ocrx_word' id='word_1_159' title='bbox 1948 2586 2100 2650; x_wconf 85' lang='lat'>306.</span> <span class='ocrx_word' id='word_1_160' title='bbox 2147 2584 2297 2668; x_wconf 90' lang='lat' dir='ltr'>XII,</span> <span class='ocrx_word' id='word_1_161' title='bbox 2368 2583 2473 2650; x_wconf 85' lang='lat'>57.</span> <span class='ocrx_word' id='word_1_162' title='bbox 2530 2581 2768 2669; x_wconf 85' lang='lat' dir='ltr'>(adde</span> 
     </span>
     <span class='ocr_line' id='line_1_20' title="bbox 532 2695 2765 2784; baseline -0 -25"><span class='ocrx_word' id='word_1_163' title='bbox 532 2696 682 2780; x_wconf 91' lang='lat' dir='ltr'>XII,</span> <span class='ocrx_word' id='word_1_164' title='bbox 739 2697 845 2761; x_wconf 90' lang='grc'>46.</span> <span class='ocrx_word' id='word_1_165' title='bbox 892 2699 1068 2783; x_wconf 89' lang='lat' dir='ltr'>XIV,</span> <span class='ocrx_word' id='word_1_166' title='bbox 1120 2699 1266 2763; x_wconf 90' lang='lat'>114.</span> <span class='ocrx_word' id='word_1_167' title='bbox 1313 2699 1456 2784; x_wconf 91' lang='lat' dir='ltr'>XV,</span> <span class='ocrx_word' id='word_1_168' title='bbox 1512 2699 1594 2763; x_wconf 82' lang='lat'>47</span> <span class='ocrx_word' id='word_1_169' title='bbox 1650 2705 1713 2764; x_wconf 93' lang='lat' dir='ltr'>et</span> <span class='ocrx_word' id='word_1_170' title='bbox 1760 2697 1952 2764; x_wconf 89' lang='lat' dir='ltr'>cedo</span> <span class='ocrx_word' id='word_1_171' title='bbox 2000 2699 2110 2783; x_wconf 90' lang='lat' dir='ltr'>VI,</span> <span class='ocrx_word' id='word_1_172' title='bbox 2170 2697 2319 2762; x_wconf 83' lang='lat'>504.</span> <span class='ocrx_word' id='word_1_173' title='bbox 2369 2696 2552 2780; x_wconf 91' lang='lat' dir='ltr'>XIII,</span> <span class='ocrx_word' id='word_1_174' title='bbox 2616 2695 2765 2759; x_wconf 93' lang='grc'><strong>210.</strong></span> 
     </span>
     <span class='ocr_line' id='line_1_21' title="bbox 534 2807 2768 2895; baseline -0 -23"><span class='ocrx_word' id='word_1_175' title='bbox 534 2807 646 2872; x_wconf 83' lang='lat' dir='ltr'>uix</span> <span class='ocrx_word' id='word_1_176' title='bbox 693 2808 870 2874; x_wconf 88' lang='lat' dir='ltr'>hisce</span> <span class='ocrx_word' id='word_1_177' title='bbox 915 2811 1230 2895; x_wconf 85' lang='lat' dir='ltr'>exemplis</span> <span class='ocrx_word' id='word_1_178' title='bbox 1265 2811 1753 2876; x_wconf 88' lang='lat' dir='ltr'>annumeranda</span> <span class='ocrx_word' id='word_1_179' title='bbox 1782 2817 1947 2895; x_wconf 86' lang='lat' dir='ltr'>sunt,</span> <span class='ocrx_word' id='word_1_180' title='bbox 1997 2809 2168 2891; x_wconf 90' lang='lat' dir='ltr'>quod</span> <span class='ocrx_word' id='word_1_181' title='bbox 2200 2815 2536 2890; x_wconf 87' lang='lat' dir='ltr'>utrumque</span> <span class='ocrx_word' id='word_1_182' title='bbox 2572 2827 2768 2892; x_wconf 87' lang='lat' dir='ltr'>saepe</span> 
     </span>
     <span class='ocr_line' id='line_1_22' title="bbox 534 2919 2767 3010; baseline 0 -26"><span class='ocrx_word' id='word_1_183' title='bbox 534 2920 728 2985; x_wconf 90' lang='lat' dir='ltr'>etiam</span> <span class='ocrx_word' id='word_1_184' title='bbox 766 2923 941 3006; x_wconf 89' lang='lat' dir='ltr'>apud</span> <span class='ocrx_word' id='word_1_185' title='bbox 977 2923 1142 2988; x_wconf 90' lang='lat' dir='ltr'>alios</span> <span class='ocrx_word' id='word_1_186' title='bbox 1178 2924 1522 3008; x_wconf 87' lang='lat' dir='ltr'>scriptores</span> <span class='ocrx_word' id='word_1_187' title='bbox 1547 2924 1849 3010; x_wconf 88' lang='lat' dir='ltr'>deposita</span> <span class='ocrx_word' id='word_1_188' title='bbox 1870 2924 1938 2989; x_wconf 90' lang='lat' dir='ltr'>ui</span> <span class='ocrx_word' id='word_1_189' title='bbox 1956 2922 2349 3007; x_wconf 89' lang='lat' dir='ltr'>imperatiua</span> <span class='ocrx_word' id='word_1_190' title='bbox 2372 2920 2633 2986; x_wconf 90' lang='lat' dir='ltr'>omnino</span> <span class='ocrx_word' id='word_1_191' title='bbox 2657 2919 2767 2986; x_wconf 90' lang='lat' dir='ltr'>ad—</span> 
     </span>
     <span class='ocr_line' id='line_1_23' title="bbox 536 3031 2766 3120; baseline -0.002 -21"><span class='ocrx_word' id='word_1_192' title='bbox 536 3035 742 3100; x_wconf 89' lang='lat' dir='ltr'>uerbii</span> <span class='ocrx_word' id='word_1_193' title='bbox 789 3036 931 3100; x_wconf 90' lang='lat' dir='ltr'>loco</span> <span class='ocrx_word' id='word_1_194' title='bbox 976 3035 1285 3120; x_wconf 88' lang='lat' dir='ltr'>ponitur.)</span> <span class='ocrx_word' id='word_1_195' title='bbox 1376 3037 1462 3101; x_wconf 91' lang='lat' dir='ltr'>Vt</span> <span class='ocrx_word' id='word_1_196' title='bbox 1505 3042 1723 3101; x_wconf 85' lang='lat' dir='ltr'>autem</span> <span class='ocrx_word' id='word_1_197' title='bbox 1757 3035 2085 3101; x_wconf 89' lang='lat' dir='ltr'>quenalis</span> <span class='ocrx_word' id='word_1_198' title='bbox 2122 3034 2339 3098; x_wconf 90' lang='lat' dir='ltr'>multis</span> <span class='ocrx_word' id='word_1_199' title='bbox 2375 3031 2537 3097; x_wconf 90' lang='lat' dir='ltr'>locis</span> <span class='ocrx_word' id='word_1_200' title='bbox 2571 3050 2766 3096; x_wconf 91' lang='lat' dir='ltr'>unum</span> 
     </span>
     <span class='ocr_line' id='line_1_24' title="bbox 532 3145 2767 3232; baseline -0 -21"><span class='ocrx_word' id='word_1_201' title='bbox 532 3148 880 3229; x_wconf 88' lang='lat' dir='ltr'>quemlibet</span> <span class='ocrx_word' id='word_1_202' title='bbox 915 3148 1279 3232; x_wconf 81' lang='lat' dir='ltr'>alloquitur,</span> <span class='ocrx_word' id='word_1_203' title='bbox 1316 3147 1410 3213; x_wconf 91' lang='lat' dir='ltr'>ita</span> <span class='ocrx_word' id='word_1_204' title='bbox 1441 3147 1599 3213; x_wconf 88' lang='lat' dir='ltr'>alibi</span> <span class='ocrx_word' id='word_1_205' title='bbox 1625 3167 1770 3213; x_wconf 87' lang='lat' dir='ltr'>sese</span> <span class='ocrx_word' id='word_1_206' title='bbox 1794 3147 2187 3232; x_wconf 85' lang='lat' dir='ltr'>interpellari</span> <span class='ocrx_word' id='word_1_207' title='bbox 2212 3146 2295 3212; x_wconf 92' lang='lat' dir='ltr'>ab</span> <span class='ocrx_word' id='word_1_208' title='bbox 2320 3145 2537 3228; x_wconf 91' lang='lat' dir='ltr'>aliquo</span> <span class='ocrx_word' id='word_1_209' title='bbox 2560 3145 2767 3228; x_wconf 86' lang='lat' dir='ltr'>fingit.</span> 
     </span>
     <span class='ocr_line' id='line_1_25' title="bbox 532 3256 2770 3345; baseline -0.003 -19"><span class='ocrx_word' id='word_1_210' title='bbox 532 3261 719 3340; x_wconf 83' lang='lat' dir='ltr'>Quod</span> <span class='ocrx_word' id='word_1_211' title='bbox 753 3261 953 3328; x_wconf 87' lang='lat' dir='ltr'>multo</span> <span class='ocrx_word' id='word_1_212' title='bbox 991 3260 1255 3345; x_wconf 89' lang='lat' dir='ltr'>saepius</span> <span class='ocrx_word' id='word_1_213' title='bbox 1288 3259 1446 3343; x_wconf 89' lang='lat' dir='ltr'>fieri,</span> <span class='ocrx_word' id='word_1_214' title='bbox 1481 3279 1677 3340; x_wconf 90' lang='lat' dir='ltr'>quam</span> <span class='ocrx_word' id='word_1_215' title='bbox 1710 3258 1921 3324; x_wconf 89' lang='lat' dir='ltr'>adhuc</span> <span class='ocrx_word' id='word_1_216' title='bbox 1959 3258 2241 3325; x_wconf 90' lang='lat' dir='ltr'>editores</span> <span class='ocrx_word' id='word_1_217' title='bbox 2268 3263 2574 3341; x_wconf 82' lang='lat' dir='ltr'>statuunt,</span> <span class='ocrx_word' id='word_1_218' title='bbox 2609 3256 2770 3321; x_wconf 93' lang='lat' dir='ltr'>mihi</span> 
     </span>
     <span class='ocr_line' id='line_1_26' title="bbox 531 3369 2767 3456; baseline -0.003 -18"><span class='ocrx_word' id='word_1_219' title='bbox 531 3374 790 3456; x_wconf 90' lang='lat' dir='ltr'>quidem</span> <span class='ocrx_word' id='word_1_220' title='bbox 864 3380 1137 3438; x_wconf 86' lang='lat' dir='ltr'>constat.</span> <span class='ocrx_word' id='word_1_221' title='bbox 1241 3374 1465 3454; x_wconf 89' lang='lat' dir='ltr'>Neque</span> <span class='ocrx_word' id='word_1_222' title='bbox 1535 3371 1661 3436; x_wconf 96' lang='grc'><strong>1106</strong></span> <span class='ocrx_word' id='word_1_223' title='bbox 1725 3369 1975 3453; x_wconf 83' lang='lat' dir='ltr'>fugisse</span> <span class='ocrx_word' id='word_1_224' title='bbox 2040 3369 2214 3435; x_wconf 90' lang='lat' dir='ltr'>hunc</span> <span class='ocrx_word' id='word_1_225' title='bbox 2281 3369 2457 3433; x_wconf 88' lang='lat' dir='ltr'>illum</span> <span class='ocrx_word' id='word_1_226' title='bbox 2528 3388 2767 3452; x_wconf 91' lang='lat' dir='ltr'>eorum,</span> 
     </span>
     <span class='ocr_line' id='line_1_27' title="bbox 532 3479 2769 3567; baseline -0.001 -18"><span class='ocrx_word' id='word_1_227' title='bbox 532 3485 882 3550; x_wconf 86' lang='lat' dir='ltr'>ostendunt</span> <span class='ocrx_word' id='word_1_228' title='bbox 928 3484 1339 3550; x_wconf 89' lang='lat' dir='ltr'>Heinrichius</span> <span class='ocrx_word' id='word_1_229' title='bbox 1387 3490 1453 3550; x_wconf 85' lang='lat' dir='ltr'>et</span> <span class='ocrx_word' id='word_1_230' title='bbox 1497 3482 1919 3567; x_wconf 78' lang='lat' dir='ltr'>RibbeckiuS,</span> <span class='ocrx_word' id='word_1_231' title='bbox 1969 3500 2236 3563; x_wconf 89' lang='lat' dir='ltr'>quorum</span> <span class='ocrx_word' id='word_1_232' title='bbox 2276 3481 2385 3547; x_wconf 90' lang='lat' dir='ltr'>ille</span> <span class='ocrx_word' id='word_1_233' title='bbox 2435 3479 2563 3567; x_wconf 89' lang='lat' dir='ltr'>(ed.</span> <span class='ocrx_word' id='word_1_234' title='bbox 2611 3488 2655 3546; x_wconf 92' lang='lat' dir='ltr'>t.</span> <span class='ocrx_word' id='word_1_235' title='bbox 2704 3483 2769 3546; x_wconf 95' lang='grc' dir='ltr'>Π</span> 
     </span>
     <span class='ocr_line' id='line_1_28' title="bbox 531 3592 2769 3683; baseline -0.004 -19"><span class='ocrx_word' id='word_1_236' title='bbox 531 3621 592 3683; x_wconf 89' lang='lat' dir='ltr'>p.</span> <span class='ocrx_word' id='word_1_237' title='bbox 642 3599 800 3678; x_wconf 80' lang='lat'>225)</span> <span class='ocrx_word' id='word_1_238' title='bbox 850 3599 958 3682; x_wconf 85' lang='lat' dir='ltr'>VI,</span> <span class='ocrx_word' id='word_1_239' title='bbox 1023 3596 1287 3661; x_wconf 80' lang='lat'>53-59</span> <span class='ocrx_word' id='word_1_240' title='bbox 1334 3596 1667 3678; x_wconf 86' lang='lat' dir='ltr'>dialogum</span> <span class='ocrx_word' id='word_1_241' title='bbox 1714 3614 1860 3659; x_wconf 91' lang='lat' dir='ltr'>esse</span> <span class='ocrx_word' id='word_1_242' title='bbox 1912 3593 2067 3677; x_wconf 87' lang='lat' dir='ltr'>uult,</span> <span class='ocrx_word' id='word_1_243' title='bbox 2126 3593 2235 3657; x_wconf 92' lang='lat' dir='ltr'>hic</span> <span class='ocrx_word' id='word_1_244' title='bbox 2279 3593 2363 3677; x_wconf 86' lang='lat' dir='ltr'>X,</span> <span class='ocrx_word' id='word_1_245' title='bbox 2412 3592 2543 3656; x_wconf 85' lang='lat'>346</span> <span class='ocrx_word' id='word_1_246' title='bbox 2595 3592 2769 3679; x_wconf 85' lang='lat' dir='ltr'>„Nil</span> 
     </span>
     <span class='ocr_line' id='line_1_29' title="bbox 531 3703 2769 3794; baseline -0.002 -19"><span class='ocrx_word' id='word_1_247' title='bbox 531 3730 727 3792; x_wconf 89' lang='lat' dir='ltr'>ergo</span> <span class='ocrx_word' id='word_1_248' title='bbox 771 3709 1185 3794; x_wconf 87' lang='lat' dir='ltr'>optabunt</span> <span class='ocrx_word' id='word_1_249' title='bbox 1217 3706 1625 3773; x_wconf 88' lang='lat' dir='ltr'>homines“</span> <span class='ocrx_word' id='word_1_250' title='bbox 1664 3706 1871 3789; x_wconf 89' lang='lat' dir='ltr'>signis</span> <span class='ocrx_word' id='word_1_251' title='bbox 1904 3704 2146 3770; x_wconf 89' lang='lat' dir='ltr'>additis</span> <span class='ocrx_word' id='word_1_252' title='bbox 2186 3703 2428 3769; x_wconf 89' lang='lat' dir='ltr'>scribit.</span> <span class='ocrx_word' id='word_1_253' title='bbox 2478 3704 2769 3770; x_wconf 89' lang='lat' dir='ltr'>Proficis-</span> 
     </span>
     <span class='ocr_line' id='line_1_30' title="bbox 531 3815 2765 3902; baseline -0.002 -15"><span class='ocrx_word' id='word_1_254' title='bbox 531 3821 804 3887; x_wconf 90' lang='lat' dir='ltr'>cendum</span> <span class='ocrx_word' id='word_1_255' title='bbox 875 3828 974 3886; x_wconf 89' lang='lat' dir='ltr'>est</span> <span class='ocrx_word' id='word_1_256' title='bbox 1043 3820 1110 3884; x_wconf 90' lang='lat' dir='ltr'>in</span> <span class='ocrx_word' id='word_1_257' title='bbox 1166 3819 1290 3884; x_wconf 90' lang='lat' dir='ltr'>hac</span> <span class='ocrx_word' id='word_1_258' title='bbox 1352 3819 1731 3902; x_wconf 86' lang='lat' dir='ltr'>quaestione</span> <span class='ocrx_word' id='word_1_259' title='bbox 1778 3818 1861 3883; x_wconf 92' lang='lat' dir='ltr'>ab</span> <span class='ocrx_word' id='word_1_260' title='bbox 1910 3816 2230 3882; x_wconf 91' lang='lat' dir='ltr'>eiusmodi</span> <span class='ocrx_word' id='word_1_261' title='bbox 2274 3815 2466 3881; x_wconf 88' lang='lat' dir='ltr'>locis:</span> <span class='ocrx_word' id='word_1_262' title='bbox 2514 3817 2566 3900; x_wconf 94' lang='grc' dir='ltr'>Ι,</span> <span class='ocrx_word' id='word_1_263' title='bbox 2622 3817 2765 3882; x_wconf 79' lang='grc'><strong>150.</strong></span> 
     </span>
     <span class='ocr_line' id='line_1_31' title="bbox 529 3927 2766 4019; baseline -0.003 -20"><span class='ocrx_word' id='word_1_264' title='bbox 529 3935 639 4019; x_wconf 90' lang='lat' dir='ltr'>VI,</span> <span class='ocrx_word' id='word_1_265' title='bbox 688 3934 838 3998; x_wconf 91' lang='grc'><strong>346.</strong></span> <span class='ocrx_word' id='word_1_266' title='bbox 885 3934 970 4017; x_wconf 94' lang='grc' dir='ltr'>ΙΙ,</span> <span class='ocrx_word' id='word_1_267' title='bbox 1018 3933 1124 3997; x_wconf 95' lang='grc'>70.</span> <span class='ocrx_word' id='word_1_268' title='bbox 1174 3938 1316 4016; x_wconf 64' lang='lat' dir='ltr'>etc„</span> <span class='ocrx_word' id='word_1_269' title='bbox 1366 3951 1635 4013; x_wconf 91' lang='lat' dir='ltr'>quorum</span> <span class='ocrx_word' id='word_1_270' title='bbox 1680 3929 2005 4014; x_wconf 87' lang='lat' dir='ltr'>prioribus</span> <span class='ocrx_word' id='word_1_271' title='bbox 2038 3928 2181 4013; x_wconf 90' lang='lat' dir='ltr'>ipse</span> <span class='ocrx_word' id='word_1_272' title='bbox 2212 3927 2540 3993; x_wconf 88' lang='lat' dir='ltr'>quenalis</span> <span class='ocrx_word' id='word_1_273' title='bbox 2588 3928 2766 4013; x_wconf 85' lang='lat' dir='ltr'>dicit,</span> 
     </span>
     <span class='ocr_line' id='line_1_32' title="bbox 528 4039 2769 4129; baseline -0.002 -20"><span class='ocrx_word' id='word_1_274' title='bbox 528 4046 772 4128; x_wconf 86' lang='lat' dir='ltr'>fingere</span> <span class='ocrx_word' id='word_1_275' title='bbox 820 4064 923 4129; x_wconf 91' lang='lat' dir='ltr'>se,</span> <span class='ocrx_word' id='word_1_276' title='bbox 983 4043 1262 4126; x_wconf 91' lang='lat' dir='ltr'>aliquem</span> <span class='ocrx_word' id='word_1_277' title='bbox 1307 4043 1441 4107; x_wconf 92' lang='lat' dir='ltr'>illic</span> <span class='ocrx_word' id='word_1_278' title='bbox 1489 4041 1949 4125; x_wconf 89' lang='lat' dir='ltr'>contradicere,</span> <span class='ocrx_word' id='word_1_279' title='bbox 1999 4039 2189 4106; x_wconf 89' lang='lat' dir='ltr'>tertio</span> <span class='ocrx_word' id='word_1_280' title='bbox 2234 4039 2446 4123; x_wconf 91' lang='lat' dir='ltr'>prima</span> <span class='ocrx_word' id='word_1_281' title='bbox 2488 4060 2769 4124; x_wconf 90' lang='lat' dir='ltr'>persona</span> 
     </span>
     <span class='ocr_line' id='line_1_33' title="bbox 531 4151 2766 4237; baseline -0.003 -15"><span class='ocrx_word' id='word_1_282' title='bbox 531 4158 711 4224; x_wconf 89' lang='lat' dir='ltr'>uerbi</span> <span class='ocrx_word' id='word_1_283' title='bbox 759 4163 1047 4223; x_wconf 88' lang='lat' dir='ltr'>aestuo</span> <span class='ocrx_word' id='word_1_284' title='bbox 1095 4174 1225 4219; x_wconf 91' lang='lat' dir='ltr'>non</span> <span class='ocrx_word' id='word_1_285' title='bbox 1271 4154 1665 4237; x_wconf 91' lang='lat' dir='ltr'>quenalem,</span> <span class='ocrx_word' id='word_1_286' title='bbox 1729 4152 1845 4217; x_wconf 89' lang='lat' dir='ltr'>sed</span> <span class='ocrx_word' id='word_1_287' title='bbox 1894 4152 2217 4218; x_wconf 78' lang='lat' dir='ltr'>Oreticum</span> <span class='ocrx_word' id='word_1_288' title='bbox 2256 4151 2433 4233; x_wconf 89' lang='lat' dir='ltr'>loqui</span> <span class='ocrx_word' id='word_1_289' title='bbox 2465 4151 2766 4216; x_wconf 88' lang='lat' dir='ltr'>ostendit.</span> 
     </span>
    </p>
   </div>
   <div class='ocr_carea' id='block_1_7' title="bbox 533 4264 2767 4423">
    <p class='ocr_par' dir='ltr' id='par_1_7' title="bbox 533 4264 2767 4423">
     <span class='ocr_line' id='line_1_34' title="bbox 533 4264 2767 4354; baseline -0.003 -18"><span class='ocrx_word' id='word_1_290' title='bbox 533 4271 996 4354; x_wconf 71' lang='lat' dir='ltr'>comparemus</span> <span class='ocrx_word' id='word_1_291' title='bbox 1057 4288 1200 4332; x_wconf 91' lang='lat' dir='ltr'>cum</span> <span class='ocrx_word' id='word_1_292' title='bbox 1246 4265 1428 4332; x_wconf 88' lang='lat' dir='ltr'>hisce</span> <span class='ocrx_word' id='word_1_293' title='bbox 1474 4269 1524 4351; x_wconf 94' lang='lat' dir='ltr'>I,</span> <span class='ocrx_word' id='word_1_294' title='bbox 1577 4267 1703 4331; x_wconf 88' lang='grc'>139</span> <span class='ocrx_word' id='word_1_295' title='bbox 1756 4265 2084 4353; x_wconf 85' lang='lat' dir='ltr'>„nullus</span> <span class='ocrx_word' id='word_1_296' title='bbox 2131 4265 2287 4330; x_wconf 91' lang='lat' dir='ltr'>iam</span> <span class='ocrx_word' id='word_1_297' title='bbox 2333 4264 2767 4348; x_wconf 87' lang='lat' dir='ltr'>parasitus</span> 
     </span>
     <span class='ocr_line' id='line_1_35' title="bbox 2267 4370 2341 4423; baseline 0 -19"><span class='ocrx_word' id='word_1_298' title='bbox 2267 4370 2341 4423; x_wconf 69' lang='lat'>241·</span> 
     </span>
    </p>
   </div>
  </div>
 </body>
</html>
