3284 4792
445 535 561 601 sed
609 535 884 620 scriptor
931 532 1294 619 satirarum,
1359 553 1526 615 quae
1579 532 1909 598 hominum
1958 533 2165 598 malos
2211 550 2423 597 mores
2468 551 2682 616 perse-

444 653 712 731 quentes
773 666 1028 731 semper
1089 645 1156 710 in
1213 665 1317 711 res
1364 646 1683 710 humanas
1732 664 2083 711 conuersae
2127 665 2273 710 raro
2319 652 2571 712 tantum
2616 646 2685 711 in

441 759 602 826 deos
659 759 972 826 incidunt.
1058 759 1236 837 Quos
1297 779 1444 824 eum
1499 759 1760 824 credere
1807 777 1983 842 esse,
2030 758 2163 822 iam
2210 778 2292 824 ex
2338 778 2417 824 eo
2462 759 2685 824 uerisi—

443 871 592 937 mile
627 873 717 957 fit,
766 872 938 954 quod
974 873 1221 958 passim
1261 872 1552 955 singulos
1578 873 1885 957 appellat,
1934 879 2001 937 ut
2024 874 2107 956 II,
2146 872 2270 938 128
2310 870 2685 958 Gradiue,

442 986 625 1069 XIII,
674 987 752 1051 81
821 986 1212 1069 Neptune.
1322 987 1487 1050 Tum
1544 985 1662 1070 III,
1719 985 1800 1049 13
1860 984 1941 1050 de
2001 983 2264 1050 numine
2322 1003 2530 1066 aquae
2592 984 2687 1051 ita

441 1098 741 1184 loquitur,
790 1104 859 1162 ut
897 1096 1050 1180 quin
1089 1103 1278 1181 esset,
1329 1117 1472 1162 eum
1508 1116 1636 1161 non
1679 1096 2014 1162 dubitasse
2054 1094 2302 1160 credas,
2374 1097 2483 1180 VI,
2508 1096 2615 1182 47,
2643 1098 2683 1162 8

443 1230 616 1296 eum,
684 1210 788 1276 cui
836 1209 1076 1294 pudica
1120 1229 1282 1274 uxor
1341 1208 1686 1292 contigerit
1708 1259 1725 1292 ,
1783 1208 1927 1273 Ioui
1972 1208 2316 1272 iuuencam
2359 1207 2541 1274 iubet
2584 1228 2684 1275 sa-

443 1324 735 1390 crificari.
787 1324 871 1407 X,
907 1324 1052 1407 112,
1101 1323 1231 1388 nisi
1277 1322 1531 1408 poetico
1580 1329 1827 1389 tantum
1876 1321 2067 1386 modo
2113 1327 2383 1386 mortem
2420 1320 2683 1386 circum-

444 1436 668 1502 scribit
731 1434 837 1519 (cf.
885 1434 1189 1519 111‚265.
1252 1435 1363 1519 VI,
1411 1434 1498 1500 in.
1551 1435 1697 1500 138.
1748 1434 1896 1499 605.
1958 1434 2101 1519 VII,
2144 1432 2250 1498 25.
2313 1433 2491 1518 VIII,
2537 1433 2682 1498 126.

441 1550 525 1634 X,
557 1550 700 1613 116.
749 1548 897 1632 XII,
929 1547 1104 1631 122),
1155 1547 1436 1612 ostendit
1481 1548 1855 1612 quenalem
1902 1566 2031 1610 non
2080 1545 2493 1612 consensisse
2539 1566 2684 1612 cum

443 1661 695 1744 uulgari
753 1660 855 1726 sui
910 1658 1220 1744 temporis
1293 1659 1629 1744 opinione,
1702 1658 1938 1724 Orcum
2000 1658 2260 1723 omnino
2321 1679 2452 1724 non
2514 1677 2682 1724 esse.

443 1776 560 1859 XI,
608 1774 735 1839 114
794 1775 1012 1838 Iouem
1073 1773 1165 1837 ait
1225 1793 1382 1838 uoce
1445 1792 1564 1838 sua
1619 1773 1906 1858 priorum
1952 1780 2310 1858 temporum
2358 1774 2683 1838 Romanos

443 1887 772 1952 monuisse
798 1888 1117 1969 rebusque
1140 1887 1350 1953 Latiis
1377 1907 1595 1952 curam
1635 1887 2060 1972 praestitisse.
2086 1888 2239 1972 XII,
2273 1886 2360 1952 in.
2398 1886 2681 1969 83-92,
2736 1938 2743 1944 .

443 2001 553 2066 ubi
590 2001 750 2085 Ioui,
793 2001 1046 2086 Iunoni,
1095 2001 1426 2066 Mineruae
1473 2021 1663 2066 sacra
1706 2000 1995 2066 facturus
2043 2006 2144 2066 cst
2174 2020 2292 2085 pro
2328 1999 2535 2065 salute
2564 1999 2681 2064 Ga-

442 2114 582 2178 tulli
643 2114 856 2199 amici,
927 2113 1210 2179 omnium
1267 2113 1492 2179 horum
1542 2116 1826 2180 locorum
1874 2114 2245 2198 grauissimi
2294 2119 2463 2198 sunt,
2536 2133 2681 2178 cum

443 2245 632 2290 nemo
661 2224 764 2311 sit,
813 2226 966 2309 quin
1014 2246 1329 2291 summam
1375 2232 1610 2311 poetae
1657 2247 1813 2310 erga
1861 2226 2018 2292 deos
2067 2227 2373 2311 pietatem
2419 2226 2526 2291 hic
2572 2247 2682 2310 ap-

443 2361 670 2425 parere
716 2338 1046 2405 concedat.
1138 2338 1531 2404 Historicum
1579 2359 1833 2422 quoque
1871 2339 2330 2423 testimonium,
2378 2337 2459 2404 de
2496 2337 2681 2403 cuius

442 2451 568 2517 fide
631 2451 914 2518 dubitari
974 2451 1213 2535 nequit,
1283 2451 1508 2516 titulus
1572 2460 1672 2517 est
1726 2450 1988 2536 Aquini,
2045 2451 2113 2515 in
2162 2450 2311 2535 ipsa
2354 2450 2683 2516 quenalis

441 2564 674 2650 patria,
736 2570 1028 2650 repertus
1093 2563 1180 2649 (u.
1230 2563 1606 2649 Mommsen,
1654 2566 1855 2629 Inscr.
1904 2566 1979 2629 R.
2029 2565 2233 2648 Neap.
2280 2562 2505 2649 4312),
2556 2582 2681 2645 quo

442 2676 772 2742 quenalis
797 2677 1014 2742 Cereri
1049 2676 1416 2762 (Heluinae,
1463 2697 1589 2761 quo
1628 2676 1889 2742 nomine
1928 2677 2013 2742 ab
2043 2675 2475 2760 Aquinatibus
2510 2676 2684 2742 culta

445 2797 575 2857 est:
662 2810 721 2855 u.
785 2790 904 2873 III,
945 2788 1102 2875 320)
1161 2809 1414 2854 sacrum
1475 2789 1569 2856 ait
1623 2809 1695 2855 se
1760 2788 2119 2854 dedicasse.
2229 2788 2683 2873 Compluribus

443 2903 604 2968 locis
649 2901 1078 2986 posteriorum
1126 2901 1490 2986 satirarum,
1550 2902 1665 2968 ubi
1711 2901 1865 2985 quid
1912 2901 1993 2968 de
2040 2901 2183 2968 deis
2229 2901 2485 2986 sentiat,
2533 2921 2677 2986 pro-

445 3014 727 3099 nuntiat,
796 3015 865 3080 id
920 3020 1170 3080 tantum
1228 3035 1347 3080 nos
1410 3014 1616 3099 docet,
1687 3016 1944 3098 qualem
1990 3015 2309 3080 rationem
2356 3014 2524 3080 inter
2569 3034 2682 3080 eos

447 3133 512 3195 et
565 3127 897 3192 hominum
958 3147 1169 3194 mores
1229 3133 1424 3210 atque
1468 3126 1755 3193 indolem
1800 3126 2199 3193 intercedere
2244 3133 2445 3212 putet.
2536 3129 2684 3194 Non

447 3241 618 3306 enim
651 3241 876 3324 quales
914 3241 1046 3308 sint
1091 3241 1198 3307 dei
1233 3241 1521 3326 separati
1559 3263 1602 3308 a
1633 3241 1895 3325 mund0,
1941 3241 2318 3326 interrogat,
2367 3240 2484 3308 sed
2530 3260 2683 3323 qua-

445 3351 540 3418 les
604 3353 736 3419 sint
791 3354 1013 3420 mundi
1070 3353 1528 3436 hominumque
1574 3353 2059 3436 gubernatores.
2151 3352 2421 3433 Qualem
2468 3359 2685 3419 autem

448 3465 530 3532 dc
564 3467 661 3533 eis
696 3466 937 3533 habeat
983 3465 1374 3554 opinionem,
1422 3486 1505 3532 ex
1539 3465 1831 3551 pluribus
1875 3465 2037 3532 locis
2072 3465 2224 3532 licet
2268 3485 2683 3548 cognoscere.

449 3578 716 3644 Summa
761 3600 906 3644 cum
953 3579 1020 3644 ui
1067 3585 1131 3645 et
1176 3578 1586 3646 contentione
1633 3578 1755 3644 sub
1802 3578 1995 3644 finem
2044 3584 2163 3644 sat.
2211 3579 2376 3646 XIII
2419 3599 2683 3666 persua-

448 3690 600 3757 dere
637 3691 827 3758 nobis
867 3697 1149 3776 conatur,
1197 3710 1513 3757 summam
1551 3710 1698 3756 esse
1737 3689 2002 3758 deorum
2040 3689 2355 3757 iustitiam
2394 3697 2458 3758 ct
2488 3692 2683 3759 finem

446 3801 608 3870 facit
652 3803 901 3869 uerbis:

1517 3891 1858 3960 tandemque
1896 3889 2152 3947 fatebere
2190 3892 2394 3962 lactus,

768 4001 873 4042 nec
911 3986 1140 4042 surdum
1178 4002 1282 4041 nec
1318 3986 1592 4041 Tiresiam
1631 4002 1970 4055 quemquam
2007 4002 2137 4041 esse
2179 3986 2428 4042 deorum.

453 4083 675 4164 Neque
721 4089 968 4148 tantum
1016 4081 1188 4148 mala
1230 4080 1521 4146 facinora
1567 4080 1675 4147 dei
1722 4080 2131 4167 ulciscuntur,
2180 4082 2297 4147 sed
2344 4085 2433 4172 (u.
2482 4087 2639 4174 209)

879 4196 1065 4250 scelus
1101 4195 1250 4248 intra
1287 4211 1349 4250 se
1389 4195 1620 4249 tacitum
1663 4194 1760 4264 qui
1796 4193 2012 4266 cogitat
2047 4196 2218 4251 ullum

879 4288 1016 4346 facti
1052 4289 1259 4345 crimen
1295 4287 1483 4345 habet.
