3284 4792
1044 997 1624 1056 stratuum
1672 999 2427 1059 oonwnonmun.

619 1181 675 1251 1)
719 1182 1004 1238 quenalis
1055 1183 1262 1240 satirae
1312 1200 1424 1240 non
1472 1191 1736 1241 accurata
1772 1191 2117 1256 temporum
2174 1186 2381 1256 quibus
2420 1187 2677 1255 singulae
2718 1191 2851 1241 sunt

723 1279 1094 1348 conscriptae,
1133 1281 1351 1336 ratione
1389 1281 1582 1336 habita
1617 1283 1675 1337 in
1714 1283 1965 1338 ordinem
2003 1283 2265 1338 redactae
2302 1289 2451 1339 sunt.

615 1375 672 1446 2)
714 1377 839 1430 qu.
880 1382 988 1430 sat.
1038 1376 1108 1446 X,
1157 1376 1254 1432 84.
1303 1394 1507 1454 „quam
1557 1379 1730 1432 timeo
1782 1377 1967 1432 uictus
2022 1396 2093 1434 ne
2151 1394 2366 1447 poenas
2418 1379 2612 1449 exigat
2668 1375 2845 1436 Aias“

722 1469 996 1547 „uictus“,
1024 1471 1179 1542 quod
1205 1487 1276 1526 ex
1301 1473 1551 1542 margine
1573 1473 1628 1526 in
1657 1477 1981 1527 contextum
2013 1473 2314 1542 irrepsisse
2333 1479 2489 1542 put0‚
2516 1474 2572 1528 in
2595 1470 2845 1548 „uictor“

721 1571 894 1621 muto·

613 1662 672 1732 3)
718 1660 894 1731 Soph.
945 1661 1082 1718 Oed.
1135 1662 1255 1718 Col.
1294 1664 1398 1717 411
1436 1665 1533 1730 τῆς
1571 1666 1663 1730 σῆς
1714 1664 1804 1718 ὑπ’
1857 1662 2043 1736 ὀργῆς,
2083 1673 2197 1724 σοῖς
2235 1661 2375 1717 ὅταν
2411 1665 2615 1716 στῶσιν
2649 1662 2850 1735 τάφοις

719 1764 916 1827 aperte
945 1766 1209 1829 corrupta
1237 1765 1392 1815 muto
1425 1760 1510 1816 in:
1548 1763 1643 1826 τῆς
1675 1763 1771 1828 σῆς
1798 1760 1890 1814 v‘n'
1922 1762 2103 1833 ὀργῆς,
2136 1763 2249 1814 σῶν
2279 1757 2603 1836 ἄφεστῶσιν
2633 1761 2844 1833 τάφων.

613 1851 670 1924 4)
720 1852 877 1908 Suet.
924 1854 1072 1924 Aug.
1119 1855 1206 1924 32,
1244 1855 1327 1910 in:
1378 1856 1691 1930 „Pleraque
1740 1856 1975 1924 pessimi
2026 1858 2266 1926 exempli
2303 1856 2561 1924 correxit,
2600 1871 2743 1924 quae
2782 1855 2837 1908 in
2918 1864 2925 1868 ·

719 1949 1022 2016 perniciem
1088 1949 1368 2018 publicam
1435 1954 1534 2003 aut
1591 1966 1662 2004 ex
1718 1951 2125 2007 consuetudine
2180 1952 2517 2021 licentiaque
2572 1952 2844 2006 bellorum

721 2043 965 2097 ciuilium
1034 2044 1379 2100 durauerant
1443 2050 1543 2098 aut
1605 2060 1710 2113 per
1763 2061 1961 2114 pacem
2018 2047 2186 2101 etiam
2244 2042 2612 2102 exstiterant“
2669 2046 2849 2101 uerba

722 2139 1018 2214 „coi-rexit,
1067 2132 1266 2208 quae“,
1320 2139 1578 2208 quamuis
1616 2139 1950 2195 Memmiano
1991 2157 2114 2195 cum
2152 2142 2348 2210 paucis
2387 2143 2509 2197 aliis
2550 2143 2711 2197 codd.
2753 2143 2847 2197 ad-

719 2239 1006 2306 uersante,
1044 2252 1168 2290 cum
1207 2235 1586 2291 deterioribus
1626 2236 1791 2290 codd.
1830 2236 2126 2290 retinenda
2163 2242 2309 2291 sunt.

615 2331 673 2404 5)
721 2331 886 2388 Caes.
935 2332 1000 2386 B.
1039 2329 1105 2386 G.
1145 2330 1268 2399 VII,
1307 2330 1378 2384 20
1418 2330 1634 2384 scribo:
1688 2347 2056 2406 „persuasum
2108 2331 2215 2385 loci
2255 2330 2699 2401 opportunitate,
2749 2331 2847 2401 qui

725 2443 786 2483 se
825 2428 1024 2498 ipsius
1058 2425 1365 2480 munitione
1405 2419 1793 2479 defenderet.“

616 2522 672 2593 6)
719 2521 881 2578 Caes.
917 2522 981 2575 B.
1021 2537 1066 2576 c.
1105 2521 1148 2574 I.
1189 2520 1258 2573 64
1294 2519 1369 2573 in.
1409 2519 1622 2574 scribo:
1673 2519 2044 2590 „cernebatur
2082 2517 2369 2587 equitatus
2406 2518 2586 2572 nostri
2623 2519 2841 2586 proelio

720 2615 1062 2670 nouissimos
1101 2614 1317 2669 illorum
1346 2613 1522 2682 premi
1555 2613 1924 2668 uehementer
1953 2629 2019 2667 ac
2048 2628 2462 2681 nonnumquam
2495 2612 2842 2685 interrumpi,

719 2711 856 2765 alias
887 2709 1168 2767 sustinere
1200 2713 1512 2762 extremum
1545 2723 1750 2776 agmen
1773 2712 1945 2776 atque
1972 2705 2181 2761 inferre
2216 2707 2379 2776 signa
2409 2737 2477 2746 -·
2502 2702 2603 2745 —“
2642 2707 2844 2779 (coddz

719 2820 820 2878 „ac
874 2818 1290 2872 nonnumquam
1340 2801 1620 2856 sustinere
1672 2807 1982 2856 extremum
2029 2816 2234 2870 agmen
2284 2805 2456 2870 atque
2494 2801 2845 2873 interrumpi,

716 2899 855 2954 alias
892 2897 1087 2952 inferri
1127 2889 1367 2966 signa“).

611 2994 665 3067 7)
712 2995 798 3063 Ei,
837 2993 933 3063 qui
966 2993 1246 3062 digamma
1270 2992 1326 3046 in
1361 2991 1584 3046 llomeri
1613 2990 1957 3045 editionibus
1989 2990 2145 3060 typis
2174 2990 2593 3059 exprimendum
2629 2996 2844 3062 curant,

713 3088 1146 3158 peruersissima
1183 3090 1419 3141 utuntur
1456 3086 1692 3140 ratione.

607 3185 685 3255 8)·
709 3183 1053 3252 Disciplinae
1097 3181 1524 3252 paedagogicae
1571 3181 1747 3235 multo
1784 3180 1993 3249 minus,
2045 3196 2211 3249 quam
2264 3197 2409 3250 opus
2447 3187 2565 3250 est,
2614 3196 2842 3251 operam

714 3281 852 3336 dant
888 3279 1146 3336 hodierni
1184 3279 1472 3348 philologi.

3238 786 3245 797 ο
3210 215 3251 752 Q*-
3238 12 3251 202 -A--u
