3284 4792
1477 366 1924 442 ——347—

589 550 776 616 Caes.
833 551 946 637 39,
1009 549 1121 616 ubi
1173 549 1477 634 legimus:
1537 549 1952 638 „Pyrricham
2010 550 2410 615 saltauerunt
2464 549 2661 617 Asiae
2716 548 2817 614 Bi-

581 661 975 746 thyniaeque
1019 663 1382 749 principum
1429 659 1680 728 liberi.“

663 801 788 869 VII,
825 800 924 856 51:
999 799 1354 856 consuetudo
1394 798 1542 869 mali,
1580 803 1744 854 tenet
1778 797 2089 856 insanabile
2132 799 2344 854 multos

584 919 660 986 O.
689 920 958 986 Iahnius
988 921 1070 986 ob
1101 921 1300 986 hasce
1347 939 1600 1005 causas,
1649 920 1884 1002 quibus
1931 919 2092 985 nihil
2140 917 2314 1005 addi,
2364 918 2527 984 nihil
2575 916 2815 1003 opponi

577 1039 822 1118 potest,
886 1033 1093 1099 eiicit:
1162 1033 1492 1098 quenalis
1555 1041 1901 1117 postquam
1958 1053 2073 1116 per
2143 1031 2524 1096 discedas
2596 1048 2817 1094 omnes

577 1151 804 1231 poetas
851 1146 1167 1211 allocutus
1216 1151 1346 1230 est,
1397 1144 1755 1211 orationem
1801 1144 1895 1210 ita
1940 1145 2162 1226 nequit
2208 1143 2569 1227 debilitare,
2617 1150 2687 1206 ut
2733 1141 2815 1206 ab

579 1258 876 1324 omnibus
921 1258 1182 1324 recedat
1221 1257 1305 1323 ad
1339 1258 1593 1322 multos,
1667 1260 1869 1322 Totus
1902 1264 2119 1322 antem
2157 1275 2384 1322 uersus
2422 1256 2815 1340 compositus

581 1378 681 1438 est
749 1393 830 1438 ex
900 1372 1137 1458 triplici
1206 1371 1739 1457 interpretatione
1808 1371 2108 1436 uocabuli
2156 1353 2663 1452 cacoethes,
2690 1388 2815 1450 quo

575 1485 815 1551 medici
875 1486 1070 1571 (Cels,
1129 1488 1204 1571 V,
1261 1487 1366 1571 28,
1415 1487 1476 1551 2.
1541 1485 1707 1551 Plin.
1755 1486 1986 1550 XXIII
2031 1486 2135 1550 95.
2186 1485 2425 1568 XXIV,
2476 1484 2543 1568 7)
2601 1485 2818 1548 ulcera

576 1599 970 1665 insanabilia
1027 1599 1395 1683 significare
1455 1600 1681 1666 solent.
1775 1601 2059 1665 Primum
2118 1600 2289 1664 enim
2335 1619 2451 1683 per
2500 1616 2811 1661 consue-

579 1711 765 1776 tudo
811 1711 992 1777 mali
1051 1711 1536 1779 accuratissime
1593 1713 1662 1777 in
1709 1712 2012 1778 Latinum
2061 1711 2471 1796 conuertitur,
2519 1717 2651 1775 tum
2702 1731 2815 1793 per

575 1824 1024 1890 insanabile
1072 1832 1134 1890 et
1181 1831 1394 1891 tenet
1437 1825 1729 1890 multos
1775 1824 2149 1909 explicatur.

610 1962 753 2030 VlII,
790 1962 932 2016 4—8
998 1966 1058 2016 et
1095 1960 1295 2016 Curios
1332 1961 1442 2015 iam
1479 1961 1740 2016 dimidios
1780 1977 2122 2030 umerosque
2161 1961 2431 2015 minorem

609 2065 614 2068 '
1006 2057 1310 2112 Coruinum
1349 2061 1408 2112 et
1446 2056 1681 2112 Galbam
1718 2057 1986 2112 auriculis
2027 2072 2284 2125 nasoque
2319 2055 2647 2120 carentem?

1005 2152 1133 2222 quis
1171 2150 1390 2206 fructus
1428 2151 1655 2221 generis
1696 2151 1889 2206 tabula
1925 2152 2135 2206 iactare
2178 2152 2370 2220 capaci

1004 2247 1326 2315 Coruinum,
1361 2245 1602 2317 posthac
1637 2247 1812 2300 multa
1848 2246 2175 2316 contingere
2214 2246 2377 2316 uirga

1002 2341 1262 2398 fumosos
1301 2342 1553 2412 equitum
1592 2358 1719 2396 cum
1756 2341 2031 2396 dictatore
2068 2342 2391 2412 magistrOS,

578 2505 723 2551 cum
768 2484 958 2550 Ribb.
1015 2490 1084 2549 ut
1139 2484 1394 2570 spurios
1441 2484 1687 2568 eiiciat,
1747 2484 2189 2569 difficultateS,
2253 2504 2415 2568 quas
2471 2487 2803 2572 praebent,

577 2598 779 2664 euitat
832 2597 1045 2681 magis
1100 2618 1294 2680 quam
1347 2598 1534 2664 tollit.
1628 2598 2127 2683 Verbositatem‚
2188 2619 2353 2681 quae
2402 2599 2497 2664 eis
2543 2598 2811 2665 retentis

577 2709 890 2795 exoritur,
947 2709 1142 2795 plane
1203 2730 1286 2775 ex
1331 2709 1660 2776 quenalis
1715 2709 1933 2777 indole
1980 2730 2143 2795 esse,
2194 2711 2491 2777 omnibus
2538 2711 2653 2795 eis,
2702 2709 2812 2792 qui

575 2823 794 2907 paullo
827 2821 1192 2887 accuratius
1227 2821 1463 2887 satiras
1496 2822 1637 2887 eius
1671 2822 2084 2908 perlegerint,
2122 2823 2464 2889 constabit.
2534 2824 2812 2889 Paruam

575 2935 907 3002 nominum
941 2935 1172 3002 seriem
1207 2935 1468 3020 saepius
1501 2935 1692 3001 nobis
1728 2955 2080 3020 occurrere,
2112 2936 2244 3001 iam
2277 2956 2475 3022 supra
2507 2937 2811 3002 uidimus.

576 3051 804 3115 Restat
841 3048 1041 3132 igitur
1080 3069 1160 3114 ea
1191 3048 1518 3134 quaestio,
1565 3069 1720 3114 num
1768 3049 1896 3114 alio
1944 3050 2137 3116 modo
2186 3069 2555 3116 succurrere
2600 3049 2810 3135 possi-

575 3182 719 3228 mus
763 3161 917 3228 huic
961 3162 1138 3248 loce,
1215 3182 1405 3245 quem
1469 3169 1836 3247 corruptum
1900 3182 2079 3248 esse,
2152 3181 2375 3229 omnes
2439 3163 2549 3246 qui
2605 3163 2687 3228 de
2734 3182 2811 3228 eo

579 3273 1073 3359 disputauerunt
1118 3274 1244 3340 uiri
1291 3274 1464 3340 docti
1513 3275 1939 3340 consentiunt.
2034 3276 2190 3342 Cum
2239 3276 2642 3360 Pinzgerum,
2702 3277 2811 3359 qui

576 3406 638 3452 u.
687 3388 746 3453 7.
796 3408 939 3455 cum
989 3388 1240 3455 duobus
1288 3389 1474 3455 codd.
1523 3396 1677 3455 ante
1712 3409 1773 3454 u.
1812 3388 1874 3455 5.
1910 3387 2113 3473 ponit,
2160 3387 2373 3452 locum
2410 3409 2540 3454 non
2577 3409 2811 3455 sanare

576 3500 985 3569 Hermannus
1033 3502 1101 3566 in
1145 3503 1310 3568 Mus.
1358 3503 1561 3568 Rhen.
1594 3504 1705 3588 IV,
1738 3502 1873 3568 454
1898 3521 1984 3567 ss.
2024 3502 2397 3587 ostenderit,
2447 3521 2509 3567 u.
2547 3502 2609 3568 5.
2648 3503 2709 3568 6.
2748 3502 2809 3566 7.

577 3620 794 3681 autem
856 3614 952 3680 ita
1007 3615 1218 3680 locum
1279 3615 1386 3680 hic
1444 3615 1686 3680 habere
1731 3634 1862 3679 non
1908 3635 2105 3700 posse
2152 3621 2434 3701 constet,
2496 3623 2610 3682 aut
2657 3617 2810 3682 Her·

575 3727 799 3792 manni
844 3735 956 3794 aut
1001 3729 1362 3795 Heinrichii
1407 3730 1748 3812 Iahniique
1804 3729 2104 3796 medendi
2151 3729 2468 3796 rationem
2514 3729 2809 3815 accipere

576 3842 747 3908 licet.
837 3842 923 3906 Et
983 3841 1144 3907 mihi
1203 3840 1462 3924 quidem
1524 3862 1656 3908 non
1733 3841 2000 3907 dubium
2080 3862 2226 3908 esse
2299 3843 2583 3928 uidetur,
2655 3842 2807 3925 quin

577 3975 705 4020 uno
775 3974 836 4019 u.
891 3955 952 4020 7.
1009 3953 1214 4020 eiecto
1281 3954 1539 4037 integra
1603 3962 1836 4038 poetae
1902 3955 2106 4022 uerba
2173 3956 2466 4022 reuocari
2534 3955 2804 4042 possint.

577 4068 766 4132 Hunc
809 4086 1068 4134 uersum
1115 4089 1158 4133 a
1200 4068 1508 4134 quenale
1551 4087 1685 4134 non
1740 4089 1885 4135 esse
1937 4069 2297 4154 profectum
2354 4077 2807 4154 praeterquam

579 4179 752 4263 quod
799 4181 985 4247 codd.
1033 4181 1422 4248 deteriorum
1470 4202 1677 4266 genus
1725 4204 1872 4250 eum
1916 4205 2047 4250 non
2092 4185 2397 4270 praebet,
2444 4184 2653 4270 ipsius
2698 4184 2809 4250 ha-

580 4293 754 4359 bitus
790 4293 1207 4361 demonstrat.
1285 4297 1490 4363 Vnum
1539 4297 1888 4363 Coruinum
1936 4318 2017 4363 ex
2064 4298 2159 4364 eis
2206 4317 2373 4382 quae
2418 4298 2810 4366 antecedunt
