3284 4792
1468 318 1865 382 ...4.-

467 509 478 518 ’
555 503 664 571 Sic
710 504 783 569 L.
831 503 1129 588 Mueller,
1189 504 1288 569 De
1344 523 1415 569 re
1460 508 1642 567 metr.
1690 507 1887 586 poett.
1934 501 2044 566 lat.
2092 500 2370 584 primum
2414 499 2483 564 in
2528 499 2779 564 uniuer-

551 637 693 683 sum
753 623 887 683 tres
944 616 1228 682 omnium
1289 622 1439 700 post
1495 616 1858 698 Augustum
1918 620 2253 699 poetarum
2315 614 2779 697 dactylicorum

553 731 796 795 classes
842 728 1220 813 distinguit,
1283 747 1552 811 quarum
1599 727 1811 812 prima
1854 727 1922 792 in
1968 725 2267 792 uersibus
2314 727 2781 812 componendis

551 842 839 925 sequitur
886 840 1226 926 Ouidium,
1289 841 1494 907 altera
1539 839 1925 924 Vergilium,
1988 840 2179 905 tertia
2222 840 2595 905 quenalem
2643 845 2779 904 tan-

549 962 684 1020 tum
747 960 810 1020 et
867 953 1230 1019 Martialem
1293 953 1632 1040 complexa
1690 952 2003 1035 ambigua
2048 959 2148 1018 est
2191 952 2360 1016 inter
2405 959 2779 1036 utrumque,

548 1076 683 1135 tum
741 1074 956 1134 autem
1018 1065 1512 1133 accuratissima
1567 1064 2023 1148 disquisitione
2083 1064 2383 1130 instituta
2441 1065 2777 1149 permulta,

550 1201 717 1264 quae
785 1179 1016 1262 cuique
1083 1180 1310 1245 horum
1377 1178 1808 1263 posteriorum
1890 1183 2227 1262 poetarum
2298 1177 2427 1242 sint
2495 1177 2777 1263 propria,

549 1292 839 1379 exponit.
943 1290 1254 1358 Videmus
1312 1290 1512 1374 igitur
1581 1290 1951 1376 opinionem
2014 1289 2225 1373 illam,
2298 1289 2379 1354 de
2439 1309 2566 1372 qua
2620 1289 2777 1372 dixi,

547 1426 677 1471 non
713 1406 808 1471 ita
839 1404 1086 1490 ualere,
1133 1411 1204 1468 ut
1243 1403 1405 1469 nihil
1451 1402 1585 1468 fere
1632 1402 1889 1467 intersit
1933 1401 2103 1467 inter
2130 1402 2577 1498 ⁸posteriorum
2624 1409 2778 1468 tem-

545 1538 773 1604 porum
832 1523 1167 1602 poetarum
1223 1516 1654 1581 hexametros.
1748 1515 1916 1579 Ante
1978 1515 2195 1579 omnia
2256 1522 2470 1579 autem
2519 1534 2777 1598 caueaS,

548 1651 628 1696 ne
667 1649 872 1712 usque
905 1649 981 1695 eo
1020 1628 1354 1716 procedas,
1402 1647 1528 1710 quo
1566 1627 2162 1712 Haeckermannus,
2208 1627 2319 1710 qui
2358 1626 2587 1692 Philol.
2627 1628 2777 1711 XII,

545 1767 696 1832 pag.
761 1745 890 1811 666
951 1763 1080 1808 non
1131 1736 1349 1807 solum
1408 1740 1598 1806 dicit:
1669 1742 2006 1825 „Freilich
2076 1744 2303 1807 nimmt
2370 1766 2433 1808 es
2502 1743 2781 1806 quenal

551 1860 773 1924 eben-so
844 1859 965 1922 wie
1033 1857 1276 1920 andere
1337 1855 1612 1920 Dichter
1682 1855 1799 1918 der
1864 1855 2186 1920 silbernen
2240 1855 2596 1920 Latinitaet
2664 1861 2781 1921 mit

549 1973 692 2037 dem
737 1971 1020 2036 Metram
1064 1971 1245 2034 nicht
1290 1968 1442 2033 eben
1487 1968 1745 2054 yenau“
1795 1967 1911 2032 sed
1951 1966 2145 2032 etiam
2185 1974 2372 2051 putat
2404 1968 2775 2034 quenalem

546 2083 734 2148 metri
779 2084 1038 2166 regulas
1109 2086 1271 2167 „mit
1334 2083 1717 2149 satirischer
1761 2082 2301 2148 Absicktlickkeit
2347 2107 2454 2147 um
2502 2085 2612 2148 des
2659 2085 2777 2170 Ef-

547 2198 740 2276 factes
787 2195 1043 2282 weyen“
1090 2193 1409 2259 interdum
1457 2199 1867 2258 contemnere
1885 2193 1956 2279 1).
2052 2194 2352 2259 Omnium
2394 2214 2559 2276 quae
2594 2195 2779 2259 affert

697 2455 737 2524 ¹)
773 2454 854 2509 Vt
888 2453 1044 2523 prius
1084 2451 1434 2522 comprobet,
1471 2451 1577 2506 hos
1614 2452 1810 2507 laudat
1844 2453 2031 2508 locos:
2069 2453 2167 2522 III,
2207 2453 2339 2508 232:
2378 2453 2773 2524 uigilando,

548 2544 646 2612 IV,
680 2544 805 2598 147:
846 2542 1048 2598 Getis
1079 2542 1206 2612 VII,
1241 2543 1307 2596 15
1337 2540 1635 2611 Bithyni
1672 2542 1797 2611 XV,
1835 2542 1903 2597 93
1952 2539 2357 2618 „Vascones
2396 2548 2461 2598 ut
2496 2543 2647 2599 fama
2685 2552 2775 2600 cst

550 2627 998 2702 argumentis
1037 2631 1244 2686 talibus
1283 2631 1425 2686 υἰέ·
1488 2629 1595 2694 Qui
1635 2647 1832 2687 omnes
1870 2637 2110 2702 excepto
2151 2633 2328 2702 primo
2370 2651 2492 2688 eam
2533 2634 2604 2688 ob
2646 2651 2773 2688 eau-

549 2738 667 2776 sam
687 2725 866 2775 metro
893 2720 1225 2788 claudicant,
1264 2720 1418 2789 quod
1455 2723 1556 2773 aut
1591 2720 1792 2773 malam
1830 2719 2083 2774 codicum
2103 2721 2399 2777 lectionem
2432 2723 2518 2794 (ut
2536 2724 2633 2792 IV,
2658 2724 2775 2777 147.

546 2813 672 2879 VII,
696 2811 788 2880 15)
824 2810 879 2864 in
918 2810 1223 2865 editionem
1262 2825 1421 2864 suam
1459 2809 1678 2877 recepit
1714 2814 1813 2862 aut
1850 2810 1974 2878 ipse
2014 2827 2241 2865 uersum
2274 2812 2603 2867 mendosum
2629 2812 2776 2884 (XV,

547 2901 640 2970 93)
689 2899 952 2954 reddidit.
1027 2899 1162 2968 XV,
1212 2900 1280 2954 93
1326 2898 1494 2954 unius
1543 2898 1807 2953 uocabuli
1853 2899 2227 2955 Vascones
2275 2899 2453 2954 forma
2499 2902 2777 2972 dactylica

547 2990 684 3044 mira
721 2989 774 3044 ei
810 2990 1038 3044 uidetur
1074 3004 1236 3057 esse,
1299 3005 1421 3043 cum
1460 2989 1515 3042 in
1552 2989 1713 3044 Varr.
1752 2989 1904 3043 lectt.
1944 3005 1998 3058 p.
2038 2989 2228 3044 XVIII
2266 2989 2407 3045 haec
2444 2991 2622 3045 dicat:
2676 2991 2777 3060 „in

545 3079 785 3133 metrico
847 3080 1158 3133 nominum
1215 3078 1614 3149 propriorum
1679 3095 1790 3133 usu
1854 3080 2141 3132 Nostrum
2201 3079 2472 3134 licentius
2529 3081 2776 3148 versari,

548 3168 791 3222 aliunde
825 3171 980 3222 certo
1015 3167 1234 3221 scimus
1271 3171 1346 3239 cf.
1387 3169 1492 3235 IV,
1529 3171 1661 3221 147.
1712 3169 1840 3235 VII,
1876 3169 2008 3220 15.“
2085 3166 2197 3222 Sed
2244 3167 2299 3220 in
2348 3168 2573 3238 dactylo
2611 3169 2774 3224 Vas—

546 3271 760 3310 cones
817 3256 1039 3310 minime
1100 3255 1390 3310 offendere
1427 3272 1764 3324 possumus,
1818 3272 1942 3310 cum
1980 3272 2091 3310 non
2132 3257 2313 3310 solum
2352 3257 2505 3325 apud
2540 3258 2775 3312 quena-

545 3346 656 3400 lem
694 3346 773 3418 (u.
809 3345 935 3414 XV,
976 3344 1104 3398 124:
1152 3342 1512 3412 Britones)
1566 3345 1669 3400 sed
1708 3345 1876 3399 etiam
1916 3345 2068 3414 apud
2108 3345 2249 3401 alios
2289 3351 2492 3414 poetas
2532 3348 2774 3416 complu-

545 3435 683 3489 rium
722 3434 971 3504 gentium
1010 3432 1374 3488 barbararum
1425 3434 1651 3488 nomina
1701 3434 1844 3488 hanc
1880 3433 2150 3489 Graecam
2192 3452 2337 3490 nom.
2376 3437 2517 3504 plur.
2558 3438 2777 3506 quanti-

545 3529 719 3578 tatem
747 3522 1066 3578 ostendant.
1121 3539 1174 3576 ιι.
1197 3521 1259 3576 C.
1280 3523 1341 3577 L.
1367 3521 1691 3589 Schneider,
1730 3523 2007 3577 Formenl.
2050 3523 2101 3577 d.
2141 3525 2235 3578 lat.
2277 3522 2400 3594 Spr.
2432 3526 2475 3593 1,
2496 3525 2546 3579 2.
2576 3541 2631 3594 p.
2652 3526 2774 3579 307.

543 3613 653 3669 Vix
693 3617 879 3667 autem
921 3611 1187 3666 credibile
1226 3615 1343 3680 est,
1385 3628 1510 3666 eum
1552 3617 1749 3666 contra
1787 3613 2177 3667 auctoritatem
2216 3614 2485 3682 codicum,
2526 3616 2622 3684 qui
2662 3616 2775 3669 ali-

544 3702 811 3757 mentis
868 3705 927 3755 et
981 3701 1360 3755 elementis
1417 3700 1693 3769 praebent
1737 3701 1793 3754 in
1846 3701 2047 3755 eodem
2097 3718 2268 3757 uersu
2325 3705 2775 3772 argumentis

542 3790 784 3844 ionicum
822 3806 856 3844 a
891 3789 1087 3844 minori
1127 3807 1257 3846 esse
1294 3791 1566 3845 uoluisse.
1643 3789 1911 3844 Attamen
1950 3789 2085 3844 talia
2133 3795 2288 3845 recte
2327 3807 2390 3847 se
2430 3791 2638 3846 habere
2678 3793 2774 3846 mi-

544 3895 664 3933 rum
714 3895 824 3934 non
877 3881 996 3946 est,
1055 3879 1102 3933 si
1159 3879 1210 3934 ei
1266 3879 1466 3934 credas
1521 3880 1846 3934 quenalem
1901 3883 2199 3949 tantopere
2256 3897 2452 3936 omnes
2508 3897 2775 3936 uersuum

542 3968 1054 4036 componendorum
1101 3969 1329 4037 regulas
1380 3969 1683 4038 migrasse,
1732 3973 1798 4022 ut
1843 3986 2105 4037 censeas,
2155 3971 2206 4038 Ι,
2246 3970 2316 4024 52
2355 3965 2775 4026 Herciileias

541 4058 640 4126 VI,
663 4057 768 4112 537
806 4051 1112 4111 caduceo
1152 4063 1262 4112 etc.
1302 4073 1373 4112 ex
1413 4056 1535 4111 eius
1573 4057 1756 4126 ipsius
1789 4057 1919 4112 stilo
1951 4058 2223 4127 originem
2258 4058 2483 4113 ducere.
2554 4059 2775 4122 Quous-

543 4161 656 4214 que
694 4145 1008 4216 ueniamus,
1049 4146 1098 4202 si
1135 4150 1326 4202 tantas
1365 4145 1621 4201 licentias
1659 4153 1867 4216 poetae
1907 4147 2292 4216 concedimus,
2330 4162 2401 4201 ex
2439 4147 2594 4202 hisce
2632 4149 2776 4204 Hae-

543 4234 861 4289 ckermanni
898 4234 1092 4290 uerbis
1131 4242 1402 4305 apparet:
1474 4235 1765 4292 Vielleicht
1815 4237 2203 4307 entechuldiyt
2240 4238 2382 4291 oder
2419 4238 2777 4311 rechtfertiyt
