3284 4792
1477 371 1921 438 -30—

756 557 1022 624 Praeter
1067 557 1186 622 hos
1231 557 1395 623 duos
1441 564 1562 623 sat.
1607 559 1709 623 ΠΙ
1753 578 1981 624 uersus
2026 559 2222 624 etiam
2269 579 2329 623 u.
2378 558 2535 624 281:

936 684 1074 738 ergo
1111 684 1223 723 non
1261 669 1425 724 aliter
1459 669 1673 738 poterit
1710 669 1996 724 dormire?
2034 669 2375 739 quibusdam

581 781 866 866 spurium
939 801 1085 847 esse
1155 801 1388 848 censeo
1461 789 1718 848 secutus
1788 783 2198 849 uerissimum
2259 782 2622 868 Heineckii,
2708 782 2818 866 qui

579 893 826 978 primus
873 914 1016 959 eum
1065 893 1273 979 eiecit,
1320 894 1650 960 iudicium.
1721 897 1944 978 Neque
1991 896 2161 961 enim
2206 895 2314 960 hic
2349 914 2576 960 uersus
2622 894 2814 960 inter-

580 1005 834 1088 rogatio
901 1013 1137 1090 poetae
1203 1026 1322 1090 per
1387 1012 1588 1072 totam
1661 1007 1927 1072 satiram
1995 1006 2271 1072 tacentis
2341 1027 2513 1091 esse,
2611 1026 2819 1088 neque

583 1119 949 1185 Vmbricius
1011 1120 1106 1186 ita
1167 1126 1370 1186 semet
1437 1120 1580 1204 ipse
1650 1121 2059 1206 interpellare
2126 1126 2360 1205 potest.
2455 1119 2597 1184 Etsi
2647 1119 2818 1184 enim

580 1231 908 1297 quenalis
973 1233 1359 1316 saepissime
1429 1252 1681 1298 summa
1742 1239 1841 1298 est
1899 1232 2324 1317 loquacitate,
2400 1232 2819 1298 nihilominus

581 1351 714 1408 tam
761 1344 1048 1410 absurda
1091 1344 1618 1429 interrogatione,
1670 1345 1772 1409 cui
1808 1344 1969 1408 nihil
2010 1344 2143 1409 nisi
2180 1344 2371 1429 plane
2403 1345 2597 1429 idem,
2646 1344 2818 1427 quod

580 1457 711 1522 iam
748 1455 988 1520 dictum
1015 1464 1131 1541 est,
1168 1456 1546 1542 responderi
1581 1456 1811 1542 possit,
1846 1441 2203 1521 orationem
2227 1457 2585 1541 producere
2610 1477 2819 1539 neque

581 1569 745 1634 solet
799 1587 1008 1650 neque
1066 1575 1298 1652 potest,
1381 1568 1436 1633 si
1495 1568 1756 1650 quidem
1819 1568 2297 1653 ineptissimum
2355 1575 2616 1653 poetam
2676 1589 2819 1634 eum

581 1702 710 1746 non
758 1700 901 1747 esse
950 1681 1382 1746 concedimus
1451 1669 1677 1762 Neque
1725 1687 1952 1746 coacta
1998 1687 2061 1744 et
2109 1687 2279 1746 certe
2323 1678 2495 1745 falsa
2542 1679 2822 1768 (aliter

579 1794 754 1861 enim
823 1814 966 1858 cum
1035 1812 1187 1858 non
1251 1792 1770 1875 coniungendum
1817 1793 1903 1858 ad
1956 1791 2289 1877 poterit,
2349 1811 2478 1856 non
2528 1793 2613 1857 ad
2662 1793 2820 1857 dor-

579 1907 784 1973 mire
839 1906 1145 1992 pertinet)
1209 1905 1656 1990 interpretatio
1702 1905 2003 1988 Pinzgeri
2060 1906 2231 1970 hanc
2276 1884 2852 1990 uituperationem¹

581 2025 796 2104 potest
850 2020 1151 2102 effugere,
1215 2018 1325 2100 qui
1381 2018 1574 2084 talem
1638 2017 2169 2101 interrogationis
2229 2018 2616 2083 sententiam
2676 2037 2821 2082 esse

581 2133 744 2198 uult:
813 2131 954 2197 fieri
998 2131 1195 2214 igitur
1241 2151 1371 2197 non
1417 2131 1671 2216 poterit,
1720 2131 1872 2214 quin
1920 2131 2207 2217 patiatur
2254 2139 2507 2196 noctem
2552 2130 2823 2196 Pelidae

582 2251 646 2311 et
693 2245 861 2310 male
907 2246 1011 2311 uel
1060 2245 1319 2310 omnino
1366 2265 1494 2309 non
1542 2245 1838 2311 dormiat.
1919 2245 2198 2310 dormire
2244 2251 2461 2310 autem
2508 2243 2613 2308 hic
2661 2243 2820 2307 nihil

584 2379 730 2425 esse
754 2358 879 2424 nisi
920 2359 1284 2424 dormiendi
1320 2379 1520 2425 causa
1554 2359 1621 2423 in
1648 2359 1812 2424 lecto
1850 2359 2086 2424 cubare
2112 2357 2460 2422 contendit.
2488 2395 2574 2402 ——
2599 2328 2859 2438 Longex

583 2473 714 2538 alia
759 2477 975 2537 autem
1022 2471 1400 2536 condicione
1447 2477 1546 2537 est
1590 2472 1702 2556 IV,
1745 2472 1780 2535 7
1790 2472 1864 2536 8:

795 2600 938 2639 anne
977 2582 1130 2637 aliud
1167 2587 1302 2637 tunc
1336 2581 1653 2651 praefecti?
1694 2598 1932 2652 quorum
1973 2581 2223 2650 optimus
2262 2586 2435 2652 atque

582 2698 693 2764 ubi
727 2717 890 2783 opus
922 2703 1059 2764 erat
1090 2696 1625 2779 interrogatione:
1674 2716 1877 2761 anne
1922 2695 2150 2760 aliud
2176 2702 2318 2779 etc.,
2366 2694 2540 2776 quod
2565 2695 2820 2776 Pegaso

579 2819 714 2876 tam
795 2809 1026 2876 illustri
1099 2810 1240 2876 eius
1313 2810 1624 2895 temporis
1700 2809 2155 2875 iurisconsulto
2229 2808 2423 2872 uilico
2494 2806 2821 2890 appellato

579 2922 949 2988 addendum
998 2931 1155 3008 erat,
1201 2923 1324 2987 hoc
1350 2922 1668 2987 uocabulo
1704 2942 1833 2987 non
1857 2923 2181 3003 Pegasum
2222 2919 2583 3003 ignominia
2630 2917 2819 3001 affici,

582 3038 698 3105 sed
743 3037 1002 3102 omnino
1027 3037 1458 3100 Romanorum
1507 3033 1626 3098 sub
1666 3032 2040 3097 Domitiano
2090 3031 2536 3096 condicionem
2581 3029 2822 3095 talibus

581 3150 1128 3237 appellationibus
1176 3149 1442 3232 dignam
1486 3145 1709 3211 fuisse.
1757 3185 1846 3192 ——
1890 3145 2200 3210 Eiusdem
2248 3143 2487 3209 satirae

795 3278 851 3315 u.
889 3261 986 3316 98:
1053 3261 1204 3315 unde
1241 3257 1323 3328 fit,
1362 3263 1428 3313 ut
1461 3257 1645 3312 malim
1685 3255 2025 3312 fraterculus
2066 3271 2195 3310 esse
2234 3253 2482 3324 gigantis

583 3375 820 3460 optime
879 3374 1180 3440 cohaeret
1238 3393 1381 3438 cum
1443 3391 1506 3436 u.
1553 3368 1964 3446 antecedenti
2021 3387 2229 3450 neque
2290 3366 2433 3452 ipse
2482 3363 2823 3431 offensioni

583 3507 728 3554 esse
787 3493 1020 3572 potest.
1115 3487 1274 3552 Cum
1323 3486 1460 3550 qu.
1516 3483 1957 3570 praemiserit,
2026 3480 2278 3546 nobiles
2334 3479 2667 3545 rarissime
2728 3499 2822 3546 se-

582 3606 902 3666 nectutem
950 3599 1249 3685 adipisci,
1298 3597 1640 3682 concludit,
1690 3596 1907 3683 potius
1944 3595 2296 3680 optandam
2345 3613 2489 3659 esse
2536 3593 2820 3657 infimam

582 3715 756 3780 uitae
805 3712 1270 3778 condicionem.
1339 3710 1415 3776 Id
1464 3709 1623 3775 satis
1670 3709 1887 3794 lepide
1933 3727 1994 3772 u.
2044 3708 2128 3772 98
2177 3705 2500 3791 exprimit.
2570 3704 2823 3769 Frater-

584 3828 765 3893 culus
813 3826 986 3892 enim
1033 3825 1322 3910 gigantis
1369 3831 1469 3889 est
1513 3842 1680 3888 unus
1729 3843 1811 3888 ex
1858 3822 2210 3905 Gigantum
2256 3838 2473 3902 manu,
2521 3815 2631 3898 qui
2679 3835 2822 3880 cum

583 3943 824 4006 Terrae
890 3938 1006 4003 filii
1074 3937 1497 4019 haberentur,
1569 3933 1847 3999 Romani
1915 3940 2127 3999 autem
2197 3931 2492 3996 homines
2562 3929 2822 4010 ignotos

581 4052 942 4134 terrigenas
989 4049 1407 4134 appellarent,
1453 4047 1681 4111 horum
1726 4046 1869 4110 loco
1914 4044 2112 4130 positi
2159 4050 2325 4110 sunt.

797 4162 870 4230 V,
907 4161 1005 4215 66:
1078 4159 1319 4214 maxima
1355 4174 1618 4228 quaeque
1658 4158 1859 4212 domus
1897 4157 2079 4213 seruis
2120 4161 2211 4212 est
2245 4156 2414 4225 plena
2451 4151 2734 4221 superbie.

584 4273 740 4337 item
799 4290 1320 4357 superuacaneus
1369 4277 1486 4355 est,
1548 4291 1626 4336 ac
1672 4270 2032 4355 permultae
2078 4267 2437 4335 sententiae
2484 4264 2823 4350 generales
