3284 4792
1413 301 1855 365 -40—

693 483 994 566 Denique
1026 484 1226 550 uerbo
1259 484 1650 552 monendum
1684 491 1803 571 est,
1848 486 2221 552 quenalem
2254 485 2579 553 interdum
2614 489 2742 550 tam

519 594 753 662 audaci
801 603 994 678 atque
1038 596 1298 682 poetica
1339 597 1662 664 breuitate
1708 598 1905 682 loqui,
1953 605 2024 664 ut
2068 599 2180 662 uix
2227 599 2454 664 credas
2511 598 2596 663 ab
2642 618 2743 662 eo-

519 708 665 773 dem
697 714 912 796 poeta,
960 711 1071 793 qui
1105 710 1171 775 in
1205 711 1576 777 uniuersum
1610 711 1927 776 latissimo
1962 710 2222 786 dicendi
2256 731 2492 793 genere
2528 710 2740 794 utitur,

516 821 681 886 tales
727 823 904 888 locos
953 823 1227 908 scriptos
1275 843 1439 890 esse.
1510 823 1626 889 Eis
1671 824 1853 910 locis,
1903 844 2068 905 quae
2113 824 2349 890 Weber
2382 822 2449 887 in
2482 823 2739 888 Iabrbb.

515 932 560 998 f.
605 932 772 1000 Phil.
821 954 881 1001 u.
929 936 1126 1002 Paed.
1175 937 1455 1023 XXXII,
1509 959 1573 1022 p.
1637 939 1760 1003 121
1818 937 2069 1003 laudat:
2139 939 2190 1021 I,
2243 938 2389 1002 116.
2447 938 2534 1022 Π,
2596 937 2737 1001 120.

515 1047 632 1132 ΠΙ,
686 1047 788 1112 16.
836 1049 987 1114 201.
1034 1049 1147 1133 VI,
1194 1049 1345 1115 295.
1393 1051 1538 1135 VII,
1589 1051 1694 1115 86.
1743 1050 1921 1136 VIII,
1980 1050 2129 1115 247.
2177 1051 2294 1135 ΧΙ,
2356 1049 2500 1114 194.
2558 1049 2738 1134 XIII,

516 1161 603 1225 32
647 1160 838 1228 facile
883 1161 1070 1246 plura
1116 1161 1273 1228 addi
1328 1170 1628 1247 possunt:
1699 1165 1749 1247 I,
1798 1163 1903 1228 25.
1953 1165 2059 1228 27.
2115 1164 2201 1247 ΙΙ,
2254 1164 2400 1229 155.
2459 1165 2576 1248 ΙΙΙ,
2636 1163 2736 1229 74.

515 1273 664 1340 203.
711 1273 796 1358 X,
846 1274 949 1338 16.
999 1274 1148 1340 222.
1197 1274 1347 1340 247.
1395 1276 1544 1359 XII,
1592 1275 1699 1340 40.
1748 1276 1929 1356 ΧΙΠ,
1983 1276 2127 1340 121.
2177 1276 2319 1361 XV,
2371 1277 2497 1341 140
2544 1283 2663 1342 etc.

690 1386 824 1472 Eis,
871 1406 1039 1469 qnae
1083 1387 1208 1452 hac
1252 1387 1458 1453 altera
1512 1387 1987 1454 dissertationis
2043 1395 2229 1473 parte
2285 1389 2367 1454 de
2412 1388 2743 1454 quenalis

514 1498 664 1564 stilo
711 1498 1062 1584 disputaui,
1110 1500 1455 1565 nonnullas
1501 1519 1606 1566 res
1653 1500 1739 1565 ab
1786 1521 1882 1584 ec,
1942 1501 2051 1582 qui
2106 1501 2399 1584 longiore
2454 1511 2741 1589 tempore

511 1613 580 1678 in
634 1613 944 1678 maiorem
1014 1613 1202 1696 quasi
1267 1611 1779 1703 familiaritatem
1845 1620 2079 1698 poetae
2146 1615 2515 1700 intrauerit,
2585 1617 2742 1683 addi

511 1747 706 1812 posse
752 1727 1016 1794 minime
1061 1727 1457 1812 negauerim,
1505 1726 1623 1792 sed
1669 1726 1738 1790 id
1772 1726 2033 1808 quidem
2069 1727 2551 1794 demonstrasse
2582 1730 2741 1795 mihi

511 1839 755 1926 uideor,
804 1847 868 1906 et
914 1841 1289 1906 uniuersum
1337 1839 1597 1905 dicendi
1643 1859 1851 1922 genus
1898 1846 1962 1905 et
2009 1839 2303 1922 singulas
2349 1861 2453 1907 res
2488 1842 2573 1907 ad
2610 1862 2739 1908 ser—

510 1955 723 2021 monis
767 1975 954 2021 usum
1009 1955 1408 2040 pertinentes
1465 1973 1595 2018 non
1652 1953 1849 2020 alium
1896 1952 2327 2038 posteriorum
2376 1955 2737 2041 satirarum,

511 2087 702 2150 quam
747 2067 1065 2153 priorum,
1110 2067 1491 2152 scriptorem
1537 2066 1830 2151 prodere.
1923 2069 2147 2166 Neque
2204 2067 2395 2134 aliter
2451 2066 2740 2134 iudicare

509 2200 776 2268 possum
823 2182 904 2248 de
948 2181 1058 2266 IV,
1111 2182 1326 2246 1—36
1373 2187 1437 2246 et
1481 2182 1606 2265 XI,
1658 2181 1874 2246 1—-55
1928 2200 2315 2264 quamquam
2370 2189 2739 2249 accuratam

512 2293 594 2360 de
672 2292 853 2360 hisce
931 2292 1225 2378 partibus
1311 2293 1820 2378 disputationem
1909 2313 2080 2359 nunc
2158 2295 2371 2379 ipsum
2450 2295 2742 2379 polliceri

509 2405 723 2489 magis
790 2425 982 2489 quam
1051 2406 1338 2491 proferre
1403 2405 1583 2472 libet.
1677 2406 1801 2472 Hic
1869 2406 1938 2471 id
2002 2413 2250 2473 tantum
2318 2408 2510 2493 addo,
2582 2410 2741 2475 mihi

508 2517 770 2601 quidem
817 2525 1133 2604 constare,
1179 2519 1557 2586 quenalem
1603 2539 1716 2584 eas
1762 2541 1893 2584 non
1928 2519 2121 2586 simul
2154 2542 2297 2587 cum
2331 2523 2485 2588 totis
2521 2523 2741 2589 satiris

507 2633 600 2698 IV
667 2637 732 2698 et
799 2633 898 2697 XI
967 2633 1440 2719 composuisse,
1511 2633 1627 2698 sed
1696 2639 1986 2718 tempore
2055 2635 2335 2718 quodam
2404 2635 2741 2702 interiecto

508 2742 788 2829 scriptas
835 2764 978 2810 cum
1023 2745 1308 2812 minores
1355 2746 1416 2811 ei
1463 2765 1607 2812 esse
1652 2745 2043 2831 uiderentur,
2091 2767 2283 2830 quam
2320 2768 2484 2830 quae
2519 2771 2636 2834 per
2670 2769 2741 2815 se

509 2861 784 2942 starent,
869 2855 999 2922 illis
1023 2908 1040 2943 ,
1113 2857 1497 2940 quibuscum
1576 2858 1902 2925 sententia
1966 2859 2247 2927 maxime
2303 2862 2739 2949 cohaererent,

507 2970 945 3058 praemisisse.

1529 3471 1710 3553 111.

685 3645 868 3726 Quae
925 3647 1258 3714 quenalis
1342 3647 1424 3716 de
1489 3649 1686 3716 rebus
1754 3649 1996 3717 diuinis
2072 3651 2568 3737 philosophatus
2638 3653 2742 3737 sit,

508 3778 653 3824 cum
699 3779 780 3824 ex
827 3758 966 3825 eius
1013 3759 1230 3826 satiris
1274 3781 1405 3826 non
1451 3769 1746 3847 apparet,
1792 3769 1928 3828 tum
1966 3771 2275 3848 quantum
2322 3765 2580 3847 quidem
2626 3787 2743 3851 per

506 3871 628 3939 has
697 3891 1087 3955 cognoscere
1153 3872 1335 3958 licet,
1405 3874 1667 3940 omnino
1735 3875 1885 3942 huic
1939 3876 2033 3942 rei
2097 3898 2227 3943 non
2286 3878 2382 3944 ita
2437 3900 2740 3962 magnam

509 4004 774 4070 operam
821 3984 1081 4051 dedisse
1127 3984 1402 4050 uidetur.
1475 3986 1664 4052 Nullo
1701 3987 1873 4054 enim
1918 3989 2061 4054 loco
2108 4011 2189 4056 ne
2236 3991 2433 4056 uerbo
2481 3992 2742 4074 quidem

509 4115 622 4162 eas
669 4096 1082 4179 quaestiones
1127 4097 1366 4182 tangit,
1426 4097 1640 4165 sintne
1688 4099 1795 4188 dei
1839 4121 1909 4166 re
1957 4120 2132 4188 uera,
2180 4122 2415 4187 annon,
2465 4110 2547 4187 et,
2596 4123 2740 4168 cum

509 4205 657 4291 sint,
698 4205 910 4289 qualis
945 4205 1032 4272 sit
1067 4227 1289 4273 eorum
1319 4215 1569 4276 natura.
1633 4211 1965 4278 quenalis
2002 4232 2133 4278 non
2169 4220 2269 4279 est
2291 4212 2743 4307 philosophus,
