<?xml version="1.0" encoding="UTF-8"?>
<!DOCTYPE html PUBLIC "-//W3C//DTD XHTML 1.0 Transitional//EN"
    "http://www.w3.org/TR/xhtml1/DTD/xhtml1-transitional.dtd">
<html xmlns="http://www.w3.org/1999/xhtml" xml:lang="en" lang="en">
 <head>
  <title>
</title>
<meta http-equiv="Content-Type" content="text/html;charset=utf-8" />
  <meta name='ocr-system' content='tesseract 3.04.00' />
  <meta name='ocr-capabilities' content='ocr_page ocr_carea ocr_par ocr_line ocrx_word'/>
</head>
<body>
  <div class='ocr_page' id='page_1' title='image "./vindiciaeivvena00unkngoog_0037.png"; bbox 0 0 3284 4792; ppageno 0'>
   <div class='ocr_carea' id='block_1_1' title="bbox 1379 366 1824 430">
    <p class='ocr_par' dir='ltr' id='par_1_1' title="bbox 1379 366 1824 430">
     <span class='ocr_line' id='line_1_1' title="bbox 1379 366 1824 430; baseline 0.002 -18"><span class='ocrx_word' id='word_1_1' title='bbox 1379 366 1824 430; x_wconf 71' lang='lat'><strong>-27—</strong></span> 
     </span>
    </p>
   </div>
   <div class='ocr_carea' id='block_1_2' title="bbox 477 545 2718 1082">
    <p class='ocr_par' dir='ltr' id='par_1_2' title="bbox 477 545 2718 1082">
     <span class='ocr_line' id='line_1_2' title="bbox 480 545 2714 634; baseline 0.003 -27"><span class='ocrx_word' id='word_1_2' title='bbox 480 545 825 630; x_wconf 89' lang='lat' dir='ltr'><strong>potuerint,</strong></span> <span class='ocrx_word' id='word_1_3' title='bbox 883 565 1112 612; x_wconf 90' lang='lat' dir='ltr'><strong>uersus</strong></span> <span class='ocrx_word' id='word_1_4' title='bbox 1157 546 1355 628; x_wconf 87' lang='lat' dir='ltr'><strong>igitur</strong></span> <span class='ocrx_word' id='word_1_5' title='bbox 1403 555 1741 633; x_wconf 88' lang='lat' dir='ltr'><strong>suspectos</strong></span> <span class='ocrx_word' id='word_1_6' title='bbox 1788 549 1870 613; x_wconf 87' lang='lat' dir='ltr'><strong>ab</strong></span> <span class='ocrx_word' id='word_1_7' title='bbox 1918 549 2013 615; x_wconf 89' lang='lat' dir='ltr'><strong>eis</strong></span> <span class='ocrx_word' id='word_1_8' title='bbox 2059 550 2332 634; x_wconf 88' lang='lat' dir='ltr'><strong>laudari,</strong></span> <span class='ocrx_word' id='word_1_9' title='bbox 2380 550 2542 615; x_wconf 90' lang='lat' dir='ltr'><strong>nihil</strong></span> <span class='ocrx_word' id='word_1_10' title='bbox 2588 550 2714 615; x_wconf 90' lang='lat' dir='ltr'><strong>nisi</strong></span> 
     </span>
     <span class='ocr_line' id='line_1_3' title="bbox 477 657 2718 729; baseline 0.003 -7"><span class='ocrx_word' id='word_1_11' title='bbox 477 663 610 722; x_wconf 89' lang='lat' dir='ltr'><strong>tum</strong></span> <span class='ocrx_word' id='word_1_12' title='bbox 657 657 725 723; x_wconf 91' lang='lat' dir='ltr'><strong>in</strong></span> <span class='ocrx_word' id='word_1_13' title='bbox 758 660 1090 726; x_wconf 88' lang='lat' dir='ltr'><strong>quenalis</strong></span> <span class='ocrx_word' id='word_1_14' title='bbox 1137 661 1357 727; x_wconf 90' lang='lat' dir='ltr'><strong>satiris</strong></span> <span class='ocrx_word' id='word_1_15' title='bbox 1405 682 1516 726; x_wconf 89' lang='lat' dir='ltr'><strong>eos</strong></span> <span class='ocrx_word' id='word_1_16' title='bbox 1558 681 1703 728; x_wconf 91' lang='lat' dir='ltr'><strong>esse</strong></span> <span class='ocrx_word' id='word_1_17' title='bbox 1735 662 1936 728; x_wconf 89' lang='lat' dir='ltr'><strong>lectos</strong></span> <span class='ocrx_word' id='word_1_18' title='bbox 1976 663 2391 729; x_wconf 80' lang='lat' dir='ltr'><strong>demonstret.</strong></span> <span class='ocrx_word' id='word_1_19' title='bbox 2452 663 2718 729; x_wconf 88' lang='lat' dir='ltr'><strong>Scholia</strong></span> 
     </span>
     <span class='ocr_line' id='line_1_4' title="bbox 477 770 2717 861; baseline 0.002 -26"><span class='ocrx_word' id='word_1_20' title='bbox 477 770 734 852; x_wconf 85' lang='lat' dir='ltr'><strong>quidem</strong></span> <span class='ocrx_word' id='word_1_21' title='bbox 781 775 1124 839; x_wconf 91' lang='lat' dir='ltr'><strong>nonnullos</strong></span> <span class='ocrx_word' id='word_1_22' title='bbox 1172 794 1398 840; x_wconf 90' lang='lat' dir='ltr'><strong>uersus</strong></span> <span class='ocrx_word' id='word_1_23' title='bbox 1444 775 1966 860; x_wconf 80' lang='lat' dir='ltr'><strong>interpretantur,</strong></span> <span class='ocrx_word' id='word_1_24' title='bbox 2016 775 2126 857; x_wconf 91' lang='lat' dir='ltr'><strong>qui</strong></span> <span class='ocrx_word' id='word_1_25' title='bbox 2162 775 2317 857; x_wconf 88' lang='lat' dir='ltr'><strong>quin</strong></span> <span class='ocrx_word' id='word_1_26' title='bbox 2342 775 2547 861; x_wconf 90' lang='lat' dir='ltr'><strong>spurii</strong></span> <span class='ocrx_word' id='word_1_27' title='bbox 2588 775 2717 840; x_wconf 88' lang='lat' dir='ltr'><strong>sint</strong></span> 
     </span>
     <span class='ocr_line' id='line_1_5' title="bbox 479 883 2717 970; baseline 0.003 -23"><span class='ocrx_word' id='word_1_28' title='bbox 479 883 761 949; x_wconf 89' lang='lat' dir='ltr'><strong>dubitari</strong></span> <span class='ocrx_word' id='word_1_29' title='bbox 809 887 1050 969; x_wconf 91' lang='lat' dir='ltr'><strong>nequit.</strong></span> <span class='ocrx_word' id='word_1_30' title='bbox 1122 889 1558 953; x_wconf 83' lang='lat' dir='ltr'><strong>Transeamus</strong></span> <span class='ocrx_word' id='word_1_31' title='bbox 1589 886 1788 970; x_wconf 88' lang='lat' dir='ltr'><strong>igitur</strong></span> <span class='ocrx_word' id='word_1_32' title='bbox 1824 887 1909 953; x_wconf 88' lang='lat' dir='ltr'><strong>ad</strong></span> <span class='ocrx_word' id='word_1_33' title='bbox 1955 887 2238 953; x_wconf 86' lang='lat' dir='ltr'><strong>breuiter</strong></span> <span class='ocrx_word' id='word_1_34' title='bbox 2283 887 2717 953; x_wconf 89' lang='lat' dir='ltr'><strong>recensendos</strong></span> 
     </span>
     <span class='ocr_line' id='line_1_6' title="bbox 477 998 1961 1082; baseline 0.003 -22"><span class='ocrx_word' id='word_1_35' title='bbox 477 1015 704 1061; x_wconf 90' lang='lat' dir='ltr'><strong>uersus</strong></span> <span class='ocrx_word' id='word_1_36' title='bbox 751 1019 793 1062; x_wconf 90' lang='lat' dir='ltr'><strong>a</strong></span> <span class='ocrx_word' id='word_1_37' title='bbox 838 998 1199 1064; x_wconf 88' lang='lat' dir='ltr'><strong>Ribbeckio</strong></span> <span class='ocrx_word' id='word_1_38' title='bbox 1245 999 1539 1065; x_wconf 89' lang='lat' dir='ltr'><strong>quenali</strong></span> <span class='ocrx_word' id='word_1_39' title='bbox 1588 1000 1961 1082; x_wconf 80' lang='lat' dir='ltr'><strong>abrogatos,</strong></span> 
     </span>
    </p>
   </div>
   <div class='ocr_carea' id='block_1_3' title="bbox 617 1133 2349 1205">
    <p class='ocr_par' dir='ltr' id='par_1_3' title="bbox 617 1133 2349 1205">
     <span class='ocr_line' id='line_1_7' title="bbox 617 1133 2349 1205; baseline 0.003 -20"><span class='ocrx_word' id='word_1_40' title='bbox 617 1133 661 1201; x_wconf 90' lang='grc' dir='ltr'>Ι,</span> <span class='ocrx_word' id='word_1_41' title='bbox 702 1133 798 1187; x_wconf 86' lang='lat'><strong>14:</strong></span> <span class='ocrx_word' id='word_1_42' title='bbox 875 1139 1177 1204; x_wconf 81' lang='lat' dir='ltr'><strong>exspectes</strong></span> <span class='ocrx_word' id='word_1_43' title='bbox 1217 1135 1414 1190; x_wconf 87' lang='lat' dir='ltr'><strong>eadem</strong></span> <span class='ocrx_word' id='word_1_44' title='bbox 1454 1153 1488 1190; x_wconf 87' lang='lat' dir='ltr'><strong>a</strong></span> <span class='ocrx_word' id='word_1_45' title='bbox 1526 1153 1743 1192; x_wconf 87' lang='lat' dir='ltr'><strong>summo</strong></span> <span class='ocrx_word' id='word_1_46' title='bbox 1783 1136 2124 1205; x_wconf 91' lang='lat' dir='ltr'><strong>minimoque</strong></span> <span class='ocrx_word' id='word_1_47' title='bbox 2161 1139 2349 1204; x_wconf 87' lang='lat' dir='ltr'><strong>poeta.</strong></span> 
     </span>
    </p>
   </div>
   <div class='ocr_carea' id='block_1_4' title="bbox 477 1251 2719 1562">
    <p class='ocr_par' dir='ltr' id='par_1_4' title="bbox 477 1251 2719 1562">
     <span class='ocr_line' id='line_1_8' title="bbox 477 1251 2719 1339; baseline 0.002 -23"><span class='ocrx_word' id='word_1_48' title='bbox 477 1251 600 1317; x_wconf 90' lang='lat' dir='ltr'><strong>etsi</strong></span> <span class='ocrx_word' id='word_1_49' title='bbox 632 1251 861 1318; x_wconf 85' lang='lat' dir='ltr'><strong>deesse</strong></span> <span class='ocrx_word' id='word_1_50' title='bbox 889 1259 1122 1338; x_wconf 86' lang='lat' dir='ltr'><strong>potest,</strong></span> <span class='ocrx_word' id='word_1_51' title='bbox 1171 1261 1386 1320; x_wconf 88' lang='lat' dir='ltr'><strong>tamen</strong></span> <span class='ocrx_word' id='word_1_52' title='bbox 1427 1255 1514 1321; x_wconf 92' lang='lat' dir='ltr'><strong>ad</strong></span> <span class='ocrx_word' id='word_1_53' title='bbox 1564 1254 2017 1321; x_wconf 78' lang='lat' dir='ltr'><strong>antecedentia</strong></span> <span class='ocrx_word' id='word_1_54' title='bbox 2054 1275 2291 1320; x_wconf 89' lang='lat' dir='ltr'><strong>nouum</strong></span> <span class='ocrx_word' id='word_1_55' title='bbox 2343 1255 2500 1339; x_wconf 89' lang='lat' dir='ltr'><strong>quid</strong></span> <span class='ocrx_word' id='word_1_56' title='bbox 2535 1254 2719 1320; x_wconf 86' lang='lat' dir='ltr'><strong>addit</strong></span> 
     </span>
     <span class='ocr_line' id='line_1_9' title="bbox 479 1366 2716 1453; baseline 0 -23"><span class='ocrx_word' id='word_1_57' title='bbox 479 1386 682 1448; x_wconf 89' lang='lat' dir='ltr'><strong>eaque</strong></span> <span class='ocrx_word' id='word_1_58' title='bbox 738 1367 1121 1450; x_wconf 83' lang='lat' dir='ltr'><strong>gradatione</strong></span> <span class='ocrx_word' id='word_1_59' title='bbox 1167 1369 1468 1434; x_wconf 81' lang='lat' dir='ltr'><strong>cumulat.</strong></span> <span class='ocrx_word' id='word_1_60' title='bbox 1540 1366 1619 1432; x_wconf 83' lang='lat' dir='ltr'><strong>cf.</strong></span> <span class='ocrx_word' id='word_1_61' title='bbox 1668 1368 1811 1453; x_wconf 95' lang='lat' dir='ltr'>VII,</span> <span class='ocrx_word' id='word_1_62' title='bbox 1868 1367 2013 1434; x_wconf 82' lang='lat'><strong>154.</strong></span> <span class='ocrx_word' id='word_1_63' title='bbox 2071 1369 2221 1453; x_wconf 87' lang='lat' dir='ltr'>XII,</span> <span class='ocrx_word' id='word_1_64' title='bbox 2264 1366 2371 1453; x_wconf 80' lang='lat'><strong>55,</strong></span> <span class='ocrx_word' id='word_1_65' title='bbox 2423 1368 2484 1432; x_wconf 88' lang='grc'><strong>6.</strong></span> <span class='ocrx_word' id='word_1_66' title='bbox 2532 1366 2716 1451; x_wconf 87' lang='grc' dir='ltr'>ΧΙΙΙ,</span> 
     </span>
     <span class='ocr_line' id='line_1_10' title="bbox 483 1479 841 1562; baseline 0.003 -19"><span class='ocrx_word' id='word_1_67' title='bbox 483 1479 608 1544; x_wconf 83' lang='grc'><strong>183</strong></span> <span class='ocrx_word' id='word_1_68' title='bbox 656 1479 841 1562; x_wconf 80' lang='lat' dir='ltr'><strong>eto.1)</strong></span> 
     </span>
    </p>
   </div>
   <div class='ocr_carea' id='block_1_5' title="bbox 547 1617 2301 1782">
    <p class='ocr_par' dir='ltr' id='par_1_5' title="bbox 547 1617 2301 1782">
     <span class='ocr_line' id='line_1_11' title="bbox 547 1617 2301 1687; baseline -0.001 -16"><span class='ocrx_word' id='word_1_69' title='bbox 547 1618 591 1685; x_wconf 92' lang='lat' dir='ltr'><strong>I,</strong></span> <span class='ocrx_word' id='word_1_70' title='bbox 630 1617 814 1687; x_wconf 82' lang='lat'><strong>137,8:</strong></span> <span class='ocrx_word' id='word_1_71' title='bbox 868 1633 995 1671; x_wconf 89' lang='lat' dir='ltr'><strong>nam</strong></span> <span class='ocrx_word' id='word_1_72' title='bbox 1034 1618 1105 1672; x_wconf 87' lang='lat' dir='ltr'><strong>de</strong></span> <span class='ocrx_word' id='word_1_73' title='bbox 1147 1623 1234 1671; x_wconf 89' lang='lat' dir='ltr'><strong>tot</strong></span> <span class='ocrx_word' id='word_1_74' title='bbox 1269 1617 1516 1687; x_wconf 88' lang='lat' dir='ltr'><strong>pulchris</strong></span> <span class='ocrx_word' id='word_1_75' title='bbox 1557 1622 1615 1672; x_wconf 91' lang='lat' dir='ltr'><strong>et</strong></span> <span class='ocrx_word' id='word_1_76' title='bbox 1650 1618 1781 1673; x_wconf 88' lang='lat' dir='ltr'><strong>latis</strong></span> <span class='ocrx_word' id='word_1_77' title='bbox 1820 1617 2056 1673; x_wconf 89' lang='lat' dir='ltr'><strong>orbibus</strong></span> <span class='ocrx_word' id='word_1_78' title='bbox 2094 1621 2153 1672; x_wconf 87' lang='lat' dir='ltr'><strong>et</strong></span> <span class='ocrx_word' id='word_1_79' title='bbox 2189 1621 2301 1671; x_wconf 88' lang='lat' dir='ltr'><strong>tam</strong></span> 
     </span>
     <span class='ocr_line' id='line_1_12' title="bbox 870 1712 2229 1782; baseline 0.001 -17"><span class='ocrx_word' id='word_1_80' title='bbox 870 1712 1118 1782; x_wconf 87' lang='lat' dir='ltr'><strong>antiquis</strong></span> <span class='ocrx_word' id='word_1_81' title='bbox 1157 1730 1270 1767; x_wconf 83' lang='lat' dir='ltr'><strong>una</strong></span> <span class='ocrx_word' id='word_1_82' title='bbox 1307 1714 1609 1768; x_wconf 86' lang='lat' dir='ltr'><strong>comedunt</strong></span> <span class='ocrx_word' id='word_1_83' title='bbox 1645 1715 1981 1782; x_wconf 87' lang='lat' dir='ltr'><strong>patrimonia</strong></span> <span class='ocrx_word' id='word_1_84' title='bbox 2018 1729 2229 1769; x_wconf 89' lang='lat' dir='ltr'><strong>mensa.</strong></span> 
     </span>
    </p>
   </div>
   <div class='ocr_carea' id='block_1_6' title="bbox 477 1832 2724 3849">
    <p class='ocr_par' dir='ltr' id='par_1_6' title="bbox 477 1832 2719 3150">
     <span class='ocr_line' id='line_1_13' title="bbox 477 1832 2716 1920; baseline 0.001 -24"><span class='ocrx_word' id='word_1_85' title='bbox 477 1853 606 1896; x_wconf 92' lang='lat' dir='ltr'><strong>non</strong></span> <span class='ocrx_word' id='word_1_86' title='bbox 652 1832 866 1915; x_wconf 88' lang='lat' dir='ltr'><strong>magis</strong></span> <span class='ocrx_word' id='word_1_87' title='bbox 913 1834 1199 1918; x_wconf 86' lang='lat' dir='ltr'><strong>suspecti</strong></span> <span class='ocrx_word' id='word_1_88' title='bbox 1247 1854 1391 1899; x_wconf 91' lang='lat' dir='ltr'><strong>esse</strong></span> <span class='ocrx_word' id='word_1_89' title='bbox 1439 1841 1732 1920; x_wconf 87' lang='lat' dir='ltr'><strong>possunt,</strong></span> <span class='ocrx_word' id='word_1_90' title='bbox 1780 1855 1973 1916; x_wconf 92' lang='lat' dir='ltr'><strong>quam</strong></span> <span class='ocrx_word' id='word_1_91' title='bbox 2019 1835 2163 1919; x_wconf 92' lang='lat' dir='ltr'>VII,</span> <span class='ocrx_word' id='word_1_92' title='bbox 2204 1836 2309 1919; x_wconf 95' lang='grc'>77,</span> <span class='ocrx_word' id='word_1_93' title='bbox 2354 1835 2413 1898; x_wconf 89' lang='grc'><strong>8.</strong></span> <span class='ocrx_word' id='word_1_94' title='bbox 2459 1833 2587 1898; x_wconf 85' lang='grc'><strong>194</strong></span> <span class='ocrx_word' id='word_1_95' title='bbox 2630 1853 2716 1899; x_wconf 79' lang='lat' dir='ltr'><strong>ss‚</strong></span> 
     </span>
     <span class='ocr_line' id='line_1_14' title="bbox 478 1945 2719 2031; baseline -0 -20"><span class='ocrx_word' id='word_1_96' title='bbox 478 1947 654 2028; x_wconf 93' lang='lat' dir='ltr'>VIII,</span> <span class='ocrx_word' id='word_1_97' title='bbox 696 1947 801 2010; x_wconf 82' lang='lat'><strong>73.</strong></span> <span class='ocrx_word' id='word_1_98' title='bbox 848 1946 932 2030; x_wconf 89' lang='grc' dir='ltr'><strong>Χ,</strong></span> <span class='ocrx_word' id='word_1_99' title='bbox 973 1947 1122 2011; x_wconf 88' lang='lat'>303.</span> <span class='ocrx_word' id='word_1_100' title='bbox 1185 1947 1334 2030; x_wconf 91' lang='lat' dir='ltr'>XII,</span> <span class='ocrx_word' id='word_1_101' title='bbox 1371 1948 1458 2012; x_wconf 87' lang='grc'><strong>36</strong></span> <span class='ocrx_word' id='word_1_102' title='bbox 1506 1954 1626 2012; x_wconf 87' lang='lat' dir='ltr'><strong>etc.</strong></span> <span class='ocrx_word' id='word_1_103' title='bbox 1722 1947 2121 2031; x_wconf 86' lang='lat' dir='ltr'><strong>Saepissime</strong></span> <span class='ocrx_word' id='word_1_104' title='bbox 2168 1946 2340 2012; x_wconf 92' lang='lat' dir='ltr'><strong>enim</strong></span> <span class='ocrx_word' id='word_1_105' title='bbox 2386 1945 2719 2010; x_wconf 87' lang='lat' dir='ltr'><strong>quenalis</strong></span> 
     </span>
     <span class='ocr_line' id='line_1_15' title="bbox 479 2057 2717 2145; baseline -0.001 -20"><span class='ocrx_word' id='word_1_106' title='bbox 479 2079 717 2144; x_wconf 90' lang='lat' dir='ltr'><strong>eorum,</strong></span> <span class='ocrx_word' id='word_1_107' title='bbox 781 2079 948 2141; x_wconf 89' lang='lat' dir='ltr'><strong>quae</strong></span> <span class='ocrx_word' id='word_1_108' title='bbox 995 2059 1172 2144; x_wconf 88' lang='lat' dir='ltr'><strong>dicit,</strong></span> <span class='ocrx_word' id='word_1_109' title='bbox 1236 2081 1498 2126; x_wconf 90' lang='lat' dir='ltr'><strong>causam</strong></span> <span class='ocrx_word' id='word_1_110' title='bbox 1545 2062 1749 2145; x_wconf 86' lang='lat' dir='ltr'><strong>affert,</strong></span> <span class='ocrx_word' id='word_1_111' title='bbox 1810 2080 1975 2142; x_wconf 90' lang='lat' dir='ltr'><strong>quae</strong></span> <span class='ocrx_word' id='word_1_112' title='bbox 2022 2060 2079 2125; x_wconf 91' lang='lat' dir='ltr'><strong>si</strong></span> <span class='ocrx_word' id='word_1_113' title='bbox 2126 2059 2406 2144; x_wconf 88' lang='lat' dir='ltr'><strong>abesset,</strong></span> <span class='ocrx_word' id='word_1_114' title='bbox 2454 2057 2717 2123; x_wconf 89' lang='lat' dir='ltr'><strong>minime</strong></span> 
     </span>
     <span class='ocr_line' id='line_1_16' title="bbox 479 2170 2715 2259; baseline -0.002 -20"><span class='ocrx_word' id='word_1_115' title='bbox 479 2193 624 2239; x_wconf 90' lang='lat' dir='ltr'><strong>eam</strong></span> <span class='ocrx_word' id='word_1_116' title='bbox 665 2173 1092 2239; x_wconf 86' lang='lat' dir='ltr'><strong>desiderares.</strong></span> <span class='ocrx_word' id='word_1_117' title='bbox 1155 2172 1258 2236; x_wconf 92' lang='lat' dir='ltr'><strong>Ad</strong></span> <span class='ocrx_word' id='word_1_118' title='bbox 1293 2173 1604 2259; x_wconf 86' lang='lat' dir='ltr'><strong>pluralem</strong></span> <span class='ocrx_word' id='word_1_119' title='bbox 1658 2173 2089 2239; x_wconf 87' lang='lat' dir='ltr'><strong>comedunt</strong></span> <span class='ocrx_word' id='word_1_120' title='bbox 2133 2171 2347 2239; x_wconf 86' lang='lat' dir='ltr'><strong>facilis</strong></span> <span class='ocrx_word' id='word_1_121' title='bbox 2384 2191 2464 2235; x_wconf 84' lang='lat' dir='ltr'><strong>ex</strong></span> <span class='ocrx_word' id='word_1_122' title='bbox 2508 2170 2715 2235; x_wconf 89' lang='lat' dir='ltr'><strong>iace-</strong></span> 
     </span>
     <span class='ocr_line' id='line_1_17' title="bbox 479 2283 2715 2370; baseline -0.001 -20"><span class='ocrx_word' id='word_1_123' title='bbox 479 2285 611 2351; x_wconf 91' lang='lat' dir='ltr'><strong>bis</strong></span> <span class='ocrx_word' id='word_1_124' title='bbox 674 2292 774 2351; x_wconf 90' lang='lat' dir='ltr'><strong>est</strong></span> <span class='ocrx_word' id='word_1_125' title='bbox 827 2285 1158 2368; x_wconf 87' lang='lat' dir='ltr'><strong>transitus,</strong></span> <span class='ocrx_word' id='word_1_126' title='bbox 1221 2286 1403 2350; x_wconf 86' lang='lat' dir='ltr'><strong>cuius</strong></span> <span class='ocrx_word' id='word_1_127' title='bbox 1450 2286 1653 2350; x_wconf 88' lang='lat' dir='ltr'><strong>multa</strong></span> <span class='ocrx_word' id='word_1_128' title='bbox 1699 2285 1831 2350; x_wconf 89' lang='lat' dir='ltr'><strong>alia</strong></span> <span class='ocrx_word' id='word_1_129' title='bbox 1876 2286 2175 2370; x_wconf 83' lang='lat' dir='ltr'><strong>exempla</strong></span> <span class='ocrx_word' id='word_1_130' title='bbox 2219 2291 2493 2369; x_wconf 86' lang='lat' dir='ltr'><strong>possunt</strong></span> <span class='ocrx_word' id='word_1_131' title='bbox 2538 2283 2715 2348; x_wconf 93' lang='lat' dir='ltr'><strong>inue—</strong></span> 
     </span>
     <span class='ocr_line' id='line_1_18' title="bbox 478 2395 2717 2484; baseline -0.001 -21"><span class='ocrx_word' id='word_1_132' title='bbox 478 2398 636 2465; x_wconf 90' lang='lat' dir='ltr'><strong>niri:</strong></span> <span class='ocrx_word' id='word_1_133' title='bbox 686 2418 745 2463; x_wconf 93' lang='lat' dir='ltr'><strong>u.</strong></span> <span class='ocrx_word' id='word_1_134' title='bbox 794 2400 878 2483; x_wconf 92' lang='lat' dir='ltr'><strong>II,</strong></span> <span class='ocrx_word' id='word_1_135' title='bbox 910 2400 1055 2483; x_wconf 91' lang='grc'><strong>166,</strong></span> <span class='ocrx_word' id='word_1_136' title='bbox 1098 2400 1158 2464; x_wconf 97' lang='grc'><strong>7.</strong></span> <span class='ocrx_word' id='word_1_137' title='bbox 1207 2400 1349 2484; x_wconf 92' lang='lat' dir='ltr'>VII,</span> <span class='ocrx_word' id='word_1_138' title='bbox 1392 2400 1542 2483; x_wconf 87' lang='lat'><strong>229,</strong></span> <span class='ocrx_word' id='word_1_139' title='bbox 1582 2399 1732 2483; x_wconf 84' lang='lat'><strong>237,</strong></span> <span class='ocrx_word' id='word_1_140' title='bbox 1774 2398 1924 2464; x_wconf 87' lang='lat'><strong>242.</strong></span> <span class='ocrx_word' id='word_1_141' title='bbox 1972 2399 2089 2483; x_wconf 93' lang='lat' dir='ltr'><strong>IX,</strong></span> <span class='ocrx_word' id='word_1_142' title='bbox 2119 2397 2245 2462; x_wconf 84' lang='lat'><strong>105</strong></span> <span class='ocrx_word' id='word_1_143' title='bbox 2294 2402 2413 2462; x_wconf 87' lang='lat' dir='ltr'><strong>etc.</strong></span> <span class='ocrx_word' id='word_1_144' title='bbox 2508 2395 2717 2461; x_wconf 88' lang='lat' dir='ltr'><strong>Orbes</strong></span> 
     </span>
     <span class='ocr_line' id='line_1_19' title="bbox 477 2510 2719 2597; baseline 0 -22"><span class='ocrx_word' id='word_1_145' title='bbox 477 2511 745 2597; x_wconf 90' lang='lat' dir='ltr'><strong>pretiosi</strong></span> <span class='ocrx_word' id='word_1_146' title='bbox 794 2520 857 2578; x_wconf 90' lang='lat' dir='ltr'><strong>et</strong></span> <span class='ocrx_word' id='word_1_147' title='bbox 903 2510 1218 2594; x_wconf 82' lang='lat' dir='ltr'><strong>singulari</strong></span> <span class='ocrx_word' id='word_1_148' title='bbox 1277 2519 1414 2577; x_wconf 90' lang='lat' dir='ltr'><strong>arte</strong></span> <span class='ocrx_word' id='word_1_149' title='bbox 1471 2510 1626 2576; x_wconf 88' lang='lat' dir='ltr'><strong>facti</strong></span> <span class='ocrx_word' id='word_1_150' title='bbox 1674 2513 1790 2596; x_wconf 90' lang='lat' dir='ltr'><strong>XI,</strong></span> <span class='ocrx_word' id='word_1_151' title='bbox 1842 2512 1967 2575; x_wconf 88' lang='lat'><strong>122</strong></span> <span class='ocrx_word' id='word_1_152' title='bbox 2016 2510 2464 2576; x_wconf 89' lang='lat' dir='ltr'><strong>describuntur</strong></span> <span class='ocrx_word' id='word_1_153' title='bbox 2510 2530 2719 2592; x_wconf 90' lang='lat' dir='ltr'><strong>neque</strong></span> 
     </span>
     <span class='ocr_line' id='line_1_20' title="bbox 479 2623 2718 2710; baseline -0.001 -21"><span class='ocrx_word' id='word_1_154' title='bbox 479 2625 591 2710; x_wconf 92' lang='lat' dir='ltr'><strong>ibi,</strong></span> <span class='ocrx_word' id='word_1_155' title='bbox 638 2625 793 2706; x_wconf 88' lang='lat' dir='ltr'><strong>quin</strong></span> <span class='ocrx_word' id='word_1_156' title='bbox 840 2625 1039 2689; x_wconf 92' lang='lat' dir='ltr'><strong>uerbo</strong></span> <span class='ocrx_word' id='word_1_157' title='bbox 1095 2625 1312 2690; x_wconf 89' lang='lat' dir='ltr'><strong>latus</strong></span> <span class='ocrx_word' id='word_1_158' title='bbox 1358 2624 1741 2706; x_wconf 85' lang='lat' dir='ltr'><strong>magnitudo</strong></span> <span class='ocrx_word' id='word_1_159' title='bbox 1788 2623 2184 2706; x_wconf 87' lang='lat' dir='ltr'><strong>significetur</strong></span> <span class='ocrx_word' id='word_1_160' title='bbox 2230 2643 2473 2708; x_wconf 91' lang='lat' dir='ltr'><strong>eorum,</strong></span> <span class='ocrx_word' id='word_1_161' title='bbox 2536 2623 2718 2688; x_wconf 91' lang='lat' dir='ltr'><strong>omit-</strong></span> 
     </span>
     <span class='ocr_line' id='line_1_21' title="bbox 480 2735 2718 2821; baseline -0 -20"><span class='ocrx_word' id='word_1_162' title='bbox 480 2736 651 2802; x_wconf 90' lang='lat' dir='ltr'><strong>titur.</strong></span> <span class='ocrx_word' id='word_1_163' title='bbox 699 2775 787 2784; x_wconf 93' lang='grc'><strong>--</strong></span> <span class='ocrx_word' id='word_1_164' title='bbox 832 2736 1138 2802; x_wconf 87' lang='lat' dir='ltr'><strong>Eiusdem</strong></span> <span class='ocrx_word' id='word_1_165' title='bbox 1188 2736 1445 2819; x_wconf 89' lang='lat' dir='ltr'><strong>generis</strong></span> <span class='ocrx_word' id='word_1_166' title='bbox 1491 2743 1684 2818; x_wconf 87' lang='lat' dir='ltr'><strong>atque</strong></span> <span class='ocrx_word' id='word_1_167' title='bbox 1732 2736 1837 2800; x_wconf 91' lang='lat' dir='ltr'><strong>hic</strong></span> <span class='ocrx_word' id='word_1_168' title='bbox 1881 2736 2060 2801; x_wconf 87' lang='lat' dir='ltr'><strong>locus</strong></span> <span class='ocrx_word' id='word_1_169' title='bbox 2107 2741 2257 2800; x_wconf 89' lang='lat' dir='ltr'><strong>sunt</strong></span> <span class='ocrx_word' id='word_1_170' title='bbox 2303 2737 2477 2821; x_wconf 85' lang='lat' dir='ltr'>VIII,</span> <span class='ocrx_word' id='word_1_171' title='bbox 2520 2735 2626 2820; x_wconf 82' lang='lat'><strong>54,</strong></span> <span class='ocrx_word' id='word_1_172' title='bbox 2655 2735 2718 2800; x_wconf 83' lang='lat'><strong>5.</strong></span> 
     </span>
     <span class='ocr_line' id='line_1_22' title="bbox 480 2835 2719 2935; baseline -0.001 -21"><span class='ocrx_word' id='word_1_173' title='bbox 480 2851 597 2935; x_wconf 91' lang='lat' dir='ltr'><strong>XI,</strong></span> <span class='ocrx_word' id='word_1_174' title='bbox 627 2852 774 2916; x_wconf 83' lang='lat'><strong>161.</strong></span> <span class='ocrx_word' id='word_1_175' title='bbox 819 2851 895 2914; x_wconf 94' lang='grc'><strong>17</strong></span> <span class='ocrx_word' id='word_1_176' title='bbox 905 2851 1118 2914; x_wconf 80' lang='grc'><strong>6-17</strong></span> <span class='ocrx_word' id='word_1_177' title='bbox 1128 2849 1187 2933; x_wconf 87' lang='grc'>8,</span> <span class='ocrx_word' id='word_1_178' title='bbox 1234 2868 1397 2931; x_wconf 88' lang='lat' dir='ltr'><strong>quos</strong></span> <span class='ocrx_word' id='word_1_179' title='bbox 1435 2868 1658 2914; x_wconf 87' lang='lat' dir='ltr'><strong>omnes</strong></span> <span class='ocrx_word' id='word_1_180' title='bbox 1682 2848 1871 2914; x_wconf 90' lang='lat' dir='ltr'><strong>Ribb.</strong></span> <span class='ocrx_word' id='word_1_181' title='bbox 1909 2835 2038 2912; x_wconf 58' lang='lat' dir='ltr'><strong>n‘on</strong></span> <span class='ocrx_word' id='word_1_182' title='bbox 2077 2847 2321 2913; x_wconf 86' lang='lat' dir='ltr'><strong>maiore</strong></span> <span class='ocrx_word' id='word_1_183' title='bbox 2359 2847 2498 2914; x_wconf 89' lang='lat' dir='ltr'><strong>iure</strong></span> <span class='ocrx_word' id='word_1_184' title='bbox 2525 2847 2719 2913; x_wconf 93' lang='lat' dir='ltr'><strong>eiicit.</strong></span> 
     </span>
     <span class='ocr_line' id='line_1_23' title="bbox 537 2984 2365 3056; baseline -0.001 -15"><span class='ocrx_word' id='word_1_185' title='bbox 537 2988 611 3056; x_wconf 92' lang='lat' dir='ltr'><strong>II,</strong></span> <span class='ocrx_word' id='word_1_186' title='bbox 651 2987 837 3056; x_wconf 87' lang='lat'><strong>102,3:</strong></span> <span class='ocrx_word' id='word_1_187' title='bbox 876 3002 970 3042; x_wconf 89' lang='lat' dir='ltr'><strong>res</strong></span> <span class='ocrx_word' id='word_1_188' title='bbox 1009 2986 1367 3041; x_wconf 87' lang='lat' dir='ltr'><strong>memoranda</strong></span> <span class='ocrx_word' id='word_1_189' title='bbox 1404 2986 1569 3040; x_wconf 86' lang='lat' dir='ltr'><strong>nouis</strong></span> <span class='ocrx_word' id='word_1_190' title='bbox 1608 2986 1901 3041; x_wconf 82' lang='lat' dir='ltr'><strong>annalibus</strong></span> <span class='ocrx_word' id='word_1_191' title='bbox 1941 2992 2115 3056; x_wconf 87' lang='lat' dir='ltr'><strong>atque</strong></span> <span class='ocrx_word' id='word_1_192' title='bbox 2152 2984 2365 3041; x_wconf 87' lang='lat' dir='ltr'><strong>recenti</strong></span> 
     </span>
     <span class='ocr_line' id='line_1_24' title="bbox 876 3081 2125 3150; baseline -0.001 -15"><span class='ocrx_word' id='word_1_193' title='bbox 876 3081 1128 3150; x_wconf 85' lang='lat' dir='ltr'><strong>historia,</strong></span> <span class='ocrx_word' id='word_1_194' title='bbox 1169 3082 1459 3150; x_wconf 89' lang='lat' dir='ltr'><strong>speculum</strong></span> <span class='ocrx_word' id='word_1_195' title='bbox 1499 3081 1679 3136; x_wconf 87' lang='lat' dir='ltr'><strong>ciuilis</strong></span> <span class='ocrx_word' id='word_1_196' title='bbox 1720 3082 1939 3136; x_wconf 88' lang='lat' dir='ltr'><strong>sarcina</strong></span> <span class='ocrx_word' id='word_1_197' title='bbox 1974 3081 2125 3136; x_wconf 89' lang='lat' dir='ltr'><strong>belli.</strong></span> 
     </span>
    </p>

    <p class='ocr_par' dir='ltr' id='par_1_7' title="bbox 485 3198 2724 3849">
     <span class='ocr_line' id='line_1_25' title="bbox 485 3198 2723 3286; baseline -0.001 -20"><span class='ocrx_word' id='word_1_198' title='bbox 485 3208 734 3267; x_wconf 87' lang='lat' dir='ltr'><strong>tantum</strong></span> <span class='ocrx_word' id='word_1_199' title='bbox 792 3202 998 3286; x_wconf 91' lang='lat' dir='ltr'><strong>abest,</strong></span> <span class='ocrx_word' id='word_1_200' title='bbox 1061 3208 1132 3266; x_wconf 91' lang='lat' dir='ltr'><strong>ut</strong></span> <span class='ocrx_word' id='word_1_201' title='bbox 1187 3200 1597 3283; x_wconf 88' lang='lat' dir='ltr'><strong>glossematis</strong></span> <span class='ocrx_word' id='word_1_202' title='bbox 1661 3200 1945 3284; x_wconf 88' lang='lat' dir='ltr'><strong>speciem</strong></span> <span class='ocrx_word' id='word_1_203' title='bbox 2004 3220 2162 3284; x_wconf 88' lang='lat' dir='ltr'><strong>prae</strong></span> <span class='ocrx_word' id='word_1_204' title='bbox 2224 3219 2294 3265; x_wconf 91' lang='lat' dir='ltr'><strong>se</strong></span> <span class='ocrx_word' id='word_1_205' title='bbox 2351 3198 2580 3284; x_wconf 83' lang='lat' dir='ltr'><strong>ferant,</strong></span> <span class='ocrx_word' id='word_1_206' title='bbox 2652 3204 2723 3263; x_wconf 93' lang='lat' dir='ltr'><strong>ut</strong></span> 
     </span>
     <span class='ocr_line' id='line_1_26' title="bbox 487 3310 2722 3396; baseline -0 -18"><span class='ocrx_word' id='word_1_207' title='bbox 487 3333 739 3378; x_wconf 88' lang='lat' dir='ltr'><strong>summa</strong></span> <span class='ocrx_word' id='word_1_208' title='bbox 795 3333 1012 3379; x_wconf 89' lang='lat' dir='ltr'><strong>eorum</strong></span> <span class='ocrx_word' id='word_1_209' title='bbox 1077 3311 1288 3377; x_wconf 89' lang='lat' dir='ltr'><strong>ironia</strong></span> <span class='ocrx_word' id='word_1_210' title='bbox 1348 3332 1460 3376; x_wconf 92' lang='lat' dir='ltr'><strong>eos</strong></span> <span class='ocrx_word' id='word_1_211' title='bbox 1521 3317 1584 3376; x_wconf 89' lang='lat' dir='ltr'><strong>et</strong></span> <span class='ocrx_word' id='word_1_212' title='bbox 1645 3312 1843 3376; x_wconf 89' lang='lat' dir='ltr'><strong>totius</strong></span> <span class='ocrx_word' id='word_1_213' title='bbox 1902 3311 2030 3376; x_wconf 89' lang='lat' dir='ltr'><strong>loci</strong></span> <span class='ocrx_word' id='word_1_214' title='bbox 2074 3310 2300 3376; x_wconf 90' lang='lat' dir='ltr'><strong>habitu</strong></span> <span class='ocrx_word' id='word_1_215' title='bbox 2347 3311 2722 3396; x_wconf 88' lang='lat' dir='ltr'><strong>aptissimos</strong></span> 
     </span>
     <span class='ocr_line' id='line_1_27' title="bbox 486 3422 2724 3509; baseline -0 -19"><span class='ocrx_word' id='word_1_216' title='bbox 486 3427 718 3493; x_wconf 89' lang='lat' dir='ltr'><strong>reddat</strong></span> <span class='ocrx_word' id='word_1_217' title='bbox 787 3434 850 3492; x_wconf 94' lang='lat' dir='ltr'><strong>et</strong></span> <span class='ocrx_word' id='word_1_218' title='bbox 918 3447 1045 3490; x_wconf 93' lang='lat' dir='ltr'><strong>non</strong></span> <span class='ocrx_word' id='word_1_219' title='bbox 1127 3423 1628 3509; x_wconf 85' lang='lat' dir='ltr'><strong>interpolatoris,</strong></span> <span class='ocrx_word' id='word_1_220' title='bbox 1720 3422 1836 3489; x_wconf 91' lang='lat' dir='ltr'><strong>sed</strong></span> <span class='ocrx_word' id='word_1_221' title='bbox 1904 3423 2111 3509; x_wconf 90' lang='lat' dir='ltr'><strong>ipsius</strong></span> <span class='ocrx_word' id='word_1_222' title='bbox 2178 3423 2508 3488; x_wconf 88' lang='lat' dir='ltr'><strong>quenalis</strong></span> <span class='ocrx_word' id='word_1_223' title='bbox 2579 3444 2724 3490; x_wconf 92' lang='lat' dir='ltr'><strong>esse</strong></span> 
     </span>
     <span class='ocr_line' id='line_1_28' title="bbox 491 3536 2724 3622; baseline -0.001 -18"><span class='ocrx_word' id='word_1_224' title='bbox 491 3539 810 3605; x_wconf 83' lang='lat' dir='ltr'><strong>ostendat.</strong></span> <span class='ocrx_word' id='word_1_225' title='bbox 902 3536 1046 3602; x_wconf 80' lang='lat' dir='ltr'><strong>Aut&#39;</strong></span> <span class='ocrx_word' id='word_1_226' title='bbox 1093 3557 1210 3622; x_wconf 89' lang='lat' dir='ltr'><strong>pro</strong></span> <span class='ocrx_word' id='word_1_227' title='bbox 1269 3536 1701 3621; x_wconf 87' lang='lat' dir='ltr'><strong>appositione,</strong></span> <span class='ocrx_word' id='word_1_228' title='bbox 1761 3536 1875 3621; x_wconf 92' lang='lat' dir='ltr'><strong>eis,</strong></span> <span class='ocrx_word' id='word_1_229' title='bbox 1941 3556 2107 3618; x_wconf 88' lang='lat' dir='ltr'><strong>quac</strong></span> <span class='ocrx_word' id='word_1_230' title='bbox 2150 3536 2565 3621; x_wconf 88' lang='lat' dir='ltr'><strong>praecedunt,</strong></span> <span class='ocrx_word' id='word_1_231' title='bbox 2615 3537 2724 3603; x_wconf 92' lang='lat' dir='ltr'><strong>ad-</strong></span> 
     </span>
     <span class='ocr_line' id='line_1_29' title="bbox 488 3647 2723 3737; baseline -0.001 -21"><span class='ocrx_word' id='word_1_232' title='bbox 488 3652 660 3718; x_wconf 87' lang='lat' dir='ltr'><strong>iecta</strong></span> <span class='ocrx_word' id='word_1_233' title='bbox 715 3652 984 3737; x_wconf 80' lang='lat' dir='ltr'><strong>habeaS,</strong></span> <span class='ocrx_word' id='word_1_234' title='bbox 1057 3659 1168 3716; x_wconf 92' lang='lat' dir='ltr'><strong>aut</strong></span> <span class='ocrx_word' id='word_1_235' title='bbox 1228 3651 1496 3716; x_wconf 91' lang='lat' dir='ltr'><strong>uerbum</strong></span> <span class='ocrx_word' id='word_1_236' title='bbox 1555 3650 1803 3715; x_wconf 91' lang='lat' dir='ltr'><strong>finitum</strong></span> <span class='ocrx_word' id='word_1_237' title='bbox 1866 3649 2095 3715; x_wconf 90' lang='lat' dir='ltr'><strong>deesse</strong></span> <span class='ocrx_word' id='word_1_238' title='bbox 2142 3647 2556 3716; x_wconf 89' lang='lat' dir='ltr'><strong>statuendum</strong></span> <span class='ocrx_word' id='word_1_239' title='bbox 2605 3656 2723 3736; x_wconf 88' lang='lat' dir='ltr'><strong>est,</strong></span> 
     </span>
     <span class='ocr_line' id='line_1_30' title="bbox 491 3762 2063 3849; baseline -0.002 -20"><span class='ocrx_word' id='word_1_240' title='bbox 491 3763 664 3846; x_wconf 91' lang='lat' dir='ltr'><strong>quod</strong></span> <span class='ocrx_word' id='word_1_241' title='bbox 712 3764 1099 3849; x_wconf 87' lang='lat' dir='ltr'><strong>saepissime</strong></span> <span class='ocrx_word' id='word_1_242' title='bbox 1144 3784 1260 3848; x_wconf 89' lang='lat' dir='ltr'><strong>per</strong></span> <span class='ocrx_word' id='word_1_243' title='bbox 1309 3782 1529 3828; x_wconf 90' lang='lat' dir='ltr'><strong>omnes</strong></span> <span class='ocrx_word' id='word_1_244' title='bbox 1577 3762 1814 3828; x_wconf 87' lang='lat' dir='ltr'><strong>satiras</strong></span> <span class='ocrx_word' id='word_1_245' title='bbox 1858 3768 2063 3827; x_wconf 80' lang='lat' dir='ltr'><strong>notes,</strong></span> 
     </span>
    </p>
   </div>
   <div class='ocr_carea' id='block_1_7' title="bbox 493 3950 2726 4379">
    <p class='ocr_par' dir='ltr' id='par_1_8' title="bbox 493 3950 2726 4379">
     <span class='ocr_line' id='line_1_31' title="bbox 643 3950 2719 4022; baseline 0 -15"><span class='ocrx_word' id='word_1_246' title='bbox 643 3951 683 4022; x_wconf 91' lang='lat'><strong>¹)</strong></span> <span class='ocrx_word' id='word_1_247' title='bbox 722 3951 781 4007; x_wconf 89' lang='lat' dir='ltr'><strong>Si</strong></span> <span class='ocrx_word' id='word_1_248' title='bbox 819 3951 911 4006; x_wconf 89' lang='lat' dir='ltr'><strong>hic</strong></span> <span class='ocrx_word' id='word_1_249' title='bbox 947 3954 1013 4004; x_wconf 88' lang='lat' dir='ltr'><strong>ut</strong></span> <span class='ocrx_word' id='word_1_250' title='bbox 1056 3951 1111 4005; x_wconf 91' lang='lat' dir='ltr'><strong>in</strong></span> <span class='ocrx_word' id='word_1_251' title='bbox 1145 3950 1228 4007; x_wconf 87' lang='lat' dir='ltr'><strong>eis</strong></span> <span class='ocrx_word' id='word_1_252' title='bbox 1255 3965 1503 4021; x_wconf 90' lang='lat' dir='ltr'><strong>quoque,</strong></span> <span class='ocrx_word' id='word_1_253' title='bbox 1542 3966 1690 4019; x_wconf 88' lang='lat' dir='ltr'><strong>quae</strong></span> <span class='ocrx_word' id='word_1_254' title='bbox 1720 3950 1973 4019; x_wconf 87' lang='lat' dir='ltr'><strong>proxime</strong></span> <span class='ocrx_word' id='word_1_255' title='bbox 2001 3954 2287 4020; x_wconf 87' lang='lat' dir='ltr'><strong>secuntur,</strong></span> <span class='ocrx_word' id='word_1_256' title='bbox 2324 3951 2494 4006; x_wconf 83' lang='lat' dir='ltr'><strong>etiam</strong></span> <span class='ocrx_word' id='word_1_257' title='bbox 2526 3957 2719 4020; x_wconf 89' lang='lat' dir='ltr'><strong>poste-</strong></span> 
     </span>
     <span class='ocr_line' id='line_1_32' title="bbox 493 4039 2726 4109; baseline -0.002 -12"><span class='ocrx_word' id='word_1_258' title='bbox 493 4043 699 4097; x_wconf 84' lang='lat' dir='ltr'><strong>riorum</strong></span> <span class='ocrx_word' id='word_1_259' title='bbox 753 4042 1050 4096; x_wconf 80' lang='lat' dir='ltr'><strong>satirarum</strong></span> <span class='ocrx_word' id='word_1_260' title='bbox 1102 4057 1306 4096; x_wconf 87' lang='lat' dir='ltr'><strong>uersus</strong></span> <span class='ocrx_word' id='word_1_261' title='bbox 1355 4041 1553 4109; x_wconf 83' lang='lat' dir='ltr'><strong>laudo,</strong></span> <span class='ocrx_word' id='word_1_262' title='bbox 1603 4039 1803 4095; x_wconf 91' lang='lat' dir='ltr'><strong>uideor</strong></span> <span class='ocrx_word' id='word_1_263' title='bbox 1851 4040 1983 4094; x_wconf 91' lang='lat' dir='ltr'><strong>mihi</strong></span> <span class='ocrx_word' id='word_1_264' title='bbox 2028 4040 2086 4094; x_wconf 87' lang='lat' dir='ltr'><strong>id</strong></span> <span class='ocrx_word' id='word_1_265' title='bbox 2120 4040 2242 4095; x_wconf 86' lang='lat' dir='ltr'><strong>iure</strong></span> <span class='ocrx_word' id='word_1_266' title='bbox 2282 4040 2525 4109; x_wconf 86' lang='lat' dir='ltr'><strong>quodam</strong></span> <span class='ocrx_word' id='word_1_267' title='bbox 2566 4056 2726 4096; x_wconf 85' lang='lat' dir='ltr'><strong>assu-</strong></span> 
     </span>
     <span class='ocr_line' id='line_1_33' title="bbox 495 4129 2725 4201; baseline -0 -16"><span class='ocrx_word' id='word_1_268' title='bbox 495 4147 678 4201; x_wconf 87' lang='lat' dir='ltr'><strong>mere,</strong></span> <span class='ocrx_word' id='word_1_269' title='bbox 733 4148 858 4186; x_wconf 92' lang='lat' dir='ltr'><strong>cum</strong></span> <span class='ocrx_word' id='word_1_270' title='bbox 896 4147 995 4185; x_wconf 87' lang='lat' dir='ltr'><strong>eas</strong></span> <span class='ocrx_word' id='word_1_271' title='bbox 1034 4146 1145 4184; x_wconf 88' lang='lat' dir='ltr'><strong>non</strong></span> <span class='ocrx_word' id='word_1_272' title='bbox 1184 4130 1517 4199; x_wconf 86' lang='lat' dir='ltr'><strong>posterioris</strong></span> <span class='ocrx_word' id='word_1_273' title='bbox 1557 4129 1831 4197; x_wconf 91' lang='lat' dir='ltr'><strong>temporis</strong></span> <span class='ocrx_word' id='word_1_274' title='bbox 1879 4129 2346 4199; x_wconf 85' lang='lat' dir='ltr'><strong>declamationes,</strong></span> <span class='ocrx_word' id='word_1_275' title='bbox 2395 4130 2498 4184; x_wconf 88' lang='lat' dir='ltr'><strong>sed</strong></span> <span class='ocrx_word' id='word_1_276' title='bbox 2542 4129 2725 4198; x_wconf 83' lang='lat' dir='ltr'><strong>ipsius</strong></span> 
     </span>
     <span class='ocr_line' id='line_1_34' title="bbox 493 4217 2712 4288; baseline -0.001 -14"><span class='ocrx_word' id='word_1_277' title='bbox 493 4221 780 4276; x_wconf 86' lang='lat' dir='ltr'><strong>quenalis</strong></span> <span class='ocrx_word' id='word_1_278' title='bbox 831 4219 1036 4275; x_wconf 85' lang='lat' dir='ltr'><strong>satiras</strong></span> <span class='ocrx_word' id='word_1_279' title='bbox 1085 4235 1244 4288; x_wconf 88' lang='lat' dir='ltr'><strong>esse,</strong></span> <span class='ocrx_word' id='word_1_280' title='bbox 1301 4219 1504 4287; x_wconf 91' lang='lat' dir='ltr'><strong>partim</strong></span> <span class='ocrx_word' id='word_1_281' title='bbox 1553 4219 1673 4288; x_wconf 26' lang='lat' dir='ltr'><strong>iam·</strong></span> <span class='ocrx_word' id='word_1_282' title='bbox 1714 4219 2161 4273; x_wconf 83' lang='lat' dir='ltr'><strong>demonstratum</strong></span> <span class='ocrx_word' id='word_1_283' title='bbox 2217 4234 2348 4273; x_wconf 86' lang='lat' dir='ltr'><strong>esse</strong></span> <span class='ocrx_word' id='word_1_284' title='bbox 2385 4218 2590 4288; x_wconf 90' lang='lat' dir='ltr'><strong>partim</strong></span> <span class='ocrx_word' id='word_1_285' title='bbox 2628 4217 2712 4272; x_wconf 85' lang='lat' dir='ltr'><strong>eis</strong></span> 
     </span>
     <span class='ocr_line' id='line_1_35' title="bbox 497 4307 1807 4379; baseline -0.002 -16"><span class='ocrx_word' id='word_1_286' title='bbox 497 4324 646 4379; x_wconf 87' lang='lat' dir='ltr'><strong>quae</strong></span> <span class='ocrx_word' id='word_1_287' title='bbox 685 4313 969 4378; x_wconf 88' lang='lat' dir='ltr'><strong>secuntur,</strong></span> <span class='ocrx_word' id='word_1_288' title='bbox 1010 4309 1456 4364; x_wconf 85' lang='lat' dir='ltr'><strong>demonstratum</strong></span> <span class='ocrx_word' id='word_1_289' title='bbox 1492 4307 1560 4362; x_wconf 91' lang='lat' dir='ltr'><strong>iri</strong></span> <span class='ocrx_word' id='word_1_290' title='bbox 1595 4310 1807 4376; x_wconf 83' lang='lat' dir='ltr'><strong>putem.</strong></span> 
     </span>
    </p>
   </div>
   <div class='ocr_carea' id='block_1_8' title="bbox 830 3897 1082 3903">
    <p class='ocr_par' dir='ltr' id='par_1_9' title="bbox 830 3897 1082 3903">
     <span class='ocr_line' id='line_1_36' title="bbox 830 3897 1082 3903; baseline 0 0"><span class='ocrx_word' id='word_1_291' title='bbox 830 3897 1082 3903; x_wconf 95' lang='lat' dir='ltr'><strong> </strong></span> 
     </span>
    </p>
   </div>
  </div>
 </body>
</html>
